2585 3531
1189 251 1431 290 ...4-

192 373 366 416 tationis
393 372 558 425 plenam
584 383 788 414 moverem
817 375 941 424 atque
970 376 1321 414 commonstrarem
1340 369 1450 413 viam
1478 374 1534 422 et,
1562 374 1610 412 ut
1635 370 1724 413 fleri
1754 371 1873 424 solet,
1901 369 2075 423 digitum
2094 368 2149 411 ad
2174 368 2328 411 fontem
2354 368 2417 411 iu-

195 442 414 482 tenderem;
484 439 673 481 Ceterum
699 440 963 481 Abascautus
1004 438 1147 489 paucis
1175 437 1296 488 annis
1324 441 1419 487 post
1445 437 1489 478 iu
1515 437 1815 478 matrimonium
1842 438 1958 479 duxit
1983 438 2089 487 Aug.
2117 433 2189 480 lib.
2217 435 2413 486 Hesperi·

193 506 282 548 dem
313 511 356 547 et
382 517 547 547 munere
591 497 758 547 functus
787 510 853 546 est
881 517 907 545 a
934 502 1247 556 cognitionibus.
1304 501 1430 545 Cuius
1458 501 1645 554 sepulcro
1684 501 1928 554 inscriptum
1955 507 2069 544 erat:
2124 501 2200 543 Dis
2228 500 2417 543 manibus

192 571 240 614 Τ.
268 570 409 613 Flavii
436 571 542 623 Aug.
561 570 633 612 lib.
654 570 881 612 Abascanti
909 582 960 611 ex
987 568 1286 622 cognitionibus
1315 567 1467 610 Flavia
1493 566 1692 619 Hesperis
1721 568 1886 621 coniugi
1911 579 1998 610 suo.
2054 567 2114 609 Cf.
2142 565 2298 608 Friedl.
2326 565 2353 607 l.
2381 565 2411 608 1.

190 638 212 679 1
238 649 275 688 p.
310 640 396 676 148.
452 636 482 678 J
483 647 548 677 am
577 636 791 678 redeamus
820 636 871 676 ad
892 647 981 676 eum
1009 635 1138 676 locum
1152 667 1164 687 ‚
1193 636 1243 676 de
1275 647 1353 685 qno
1383 646 1508 686 agere
1536 646 1662 685 supra
1688 634 1954 676 instituimus.
2011 633 2201 675 condivit
2227 637 2293 685 te,
2321 631 2413 673 Pri·

190 703 324 753 scilla,
354 702 416 743 sic
441 702 580 754 pergit
598 706 734 753 poeta,
763 702 919 753 pietate
938 706 1071 741 motus
1092 693 1251 751 coniux,
1281 701 1383 742 nihil
1404 701 1455 742 de
1474 700 1746 752 pulcritudine
1773 700 1968 751 minuere,
1997 700 2101 741 nibil
2120 699 2270 741 vitiare
2297 702 2413 749 pote-

188 772 285 810 runt
313 767 422 809 ’aevi
450 767 641 810 labores'.
697 767 746 808 In
775 767 922 818 quibus
950 767 1026 808 hoc
1045 765 1217 818 primum
1246 769 1323 818 est,
1352 766 1394 807 in
1414 778 1492 818 quo
1509 765 1645 818 mirer,
1673 777 1747 807 cur
1765 769 1887 818 poeta
1917 765 2069 807 dixerit
2095 764 2200 807 ’aevi
2220 764 2411 807 labores‘.

188 834 512 885 Exspectaveris
541 833 648 876 ’aevi
675 835 872 885 tenores’,
900 837 984 874 tum
1012 833 1119 883 quod
1146 833 1378 874 sententiae
1406 832 1641 874 condicione
1669 832 1973 874 commendatur
2011 836 2097 873 tum
2126 832 2223 883 quia
2250 830 2413 873 Statius

187 900 275 942 fere
304 900 384 941 sibi
413 902 580 942 constat
605 900 684 941 hac
712 900 927 942 verborum
955 898 1237 941 coniunctione
1276 910 1375 940 usus
1405 899 1603 941 sollemni.
1675 899 1733 940 Of.
1765 902 1802 950 3,
1834 903 1872 950 3,
1904 902 1979 940 14⁷
2010 899 2158 948 ’Atque
2198 897 2292 941 aevi
2319 896 2411 941 siue

187 966 295 1006 nube
324 966 470 1007 tenor'.
528 969 565 1017 5,
597 969 633 1016 2,
662 968 714 1006 63
745 966 799 1005 ’et
827 965 962 1005 adhuc
989 968 1106 1006 tenor
1133 964 1298 1015 integer
1326 965 1433 1006 aevi‘
1462 969 1541 1007 etc.
1615 965 1756 1015 Neque
1784 976 1881 1007 vero
1925 964 1968 1005 id
1995 964 2049 1005 ad
2089 964 2225 1006 vivum
2267 975 2412 1006 reseco

188 1035 312 1081 atque
342 1032 452 1072 haud
480 1032 605 1073 sciam
634 1041 739 1072 anne
767 1034 891 1081 poeta
917 1030 1019 1082 ipse,
1050 1030 1119 1080 qui
1147 1030 1405 1073 hexametros
1432 1030 1622 1073 funderet
1649 1042 1700 1073 ex
1732 1034 1912 1082 tempore
1941 1029 2010 1079 (cf.
2041 1042 2104 1081 ep.
2123 1031 2176 1071 ad
2205 1029 2409 1082 Stellam),

187 1096 479 1148 neglegentiae
506 1095 668 1137 nomine
696 1096 753 1136 sit
782 1096 1092 1146 vituperandus.
1160 1096 1255 1137 Jam
1284 1107 1388 1146 quae
1417 1100 1643 1147 sequuntur
1669 1097 1797 1138 verba
1823 1096 2064 1148 videamus,
2105 1095 2252 1147 ecquid
2294 1096 2408 1138 dubii

185 1163 432 1203 ostendant:
490 1163 664 1202 ’Tantas
694 1162 931 1202 venerabile
973 1173 1143 1201 marmor
1173 1162 1313 1211 Spirat
1341 1164 1452 1211 opes'
1482 1162 1510 1202 i.
1532 1174 1578 1203 e:
1647 1163 1783 1203 Tanta
1811 1162 1917 1203 enim
1945 1162 2053 1203 varii
2082 1161 2246 1212 generis
2275 1162 2407 1202 vario-

185 1239 273 1268 rum
303 1227 469 1268 odorum
510 1226 629 1277 copia
657 1226 798 1267 affluit
837 1227 1068 1277 sepulcrum
1095 1238 1371 1268 marmoreum.
1441 1228 1490 1268 In
1518 1228 1663 1277 quibus
1693 1228 1828 1269 verbis
1871 1228 2080 1277 scopulum
2123 1227 2293 1268 offendis
2321 1227 2410 1268 fere

131 1326 134 1328 .
185 1292 409 1343 eiusmodi,
439 1303 528 1333 cum
556 1291 613 1332 ad
637 1302 722 1332 rem
767 1295 879 1332 certe
908 1290 1010 1332 nihil
1048 1291 1216 1332 intersit
1244 1291 1414 1333 affluere
1454 1293 1684 1343 sepulcrum
1713 1292 1918 1334 odoribus.
1988 1291 2051 1333 De
2079 1292 2156 1334 hac
2183 1303 2229 1334 re
2258 1303 2409 1343 susque

184 1358 314 1407 deque
344 1357 541 1407 parvique
583 1357 712 1398 refert
740 1358 970 1408 sepulcrum
998 1358 1183 1399 redolere
1212 1358 1358 1399 odores
1374 1390 1384 1409 ,
1413 1358 1643 1400 Priscillam
1672 1358 1811 1400 refert.
1882 1357 2134 1399 cuicuimodi
2163 1361 2299 1398 autem
2328 1360 2408 1410 est,

183 1429 256 1464 aut
285 1424 400 1464 codd.
420 1424 544 1464 lectio
572 1427 645 1464 aut
672 1423 762 1473 ipse
782 1428 907 1474 poeta
934 1424 1192 1464 incusandus.
1250 1425 1500 1475 Quamquam
1524 1425 1811 1475 extemporalis
1839 1425 1915 1465 illa
1933 1425 2140 1475 pangendi
2159 1425 2407 1465 consuetudo

183 1489 401 1540 Statiana,
445 1501 550 1540 quae
578 1490 707 1532 verba
742 1490 815 1531 dat
856 1489 901 1531 in
929 1490 1057 1531 labris
1084 1489 1325 1542 nascentia,
1355 1490 1657 1533 excusationem
1686 1491 1888 1541 quandam
1917 1489 1997 1532 sibi
2027 1488 2236 1531 conciliat.
2293 1489 2407 1531 Idem

182 1555 417 1605 sepulturae
446 1567 577 1606 genus
620 1556 797 1607 contigit
826 1556 1067 1607 Poppaeae,
1112 1556 1285 1597 Neronis
1324 1556 1584 1607 imperatoris
1624 1556 1739 1597 uxori
1758 1589 1767 1607 ‚
1809 1557 1859 1597 de
1888 1567 1968 1606 qua
1997 1556 2168 1597 Tacitus
2196 1555 2239 1596 in
2268 1555 2406 1597 annal.

181 1620 292 1671 XVI,
325 1626 346 1660 6
377 1622 479 1662 haec
508 1622 663 1662 tradit:
722 1622 892 1672 'Corpus
921 1635 1000 1662 nou
1029 1623 1116 1673 igni
1158 1623 1381 1673 abolitum,
1411 1628 1459 1663 ut
1486 1624 1692 1663 Romanus
1721 1636 1806 1663 mos
1823 1654 1832 1672 ,
1877 1623 1950 1663 sed
1978 1635 2119 1672 regum
2150 1626 2406 1662 externorum

181 1687 478 1727 consuetudine
506 1686 711 1728 differtum
741 1686 933 1728 odoribus
963 1687 1148 1728 conditur
1176 1688 1409 1739 tumuloque
1437 1687 1641 1728 Juliorum
1669 1687 1869 1728 infertur)
1928 1686 2058 1739 Quam
2087 1687 2136 1727 ob
2166 1698 2250 1727 rem
2278 1685 2403 1727 facile

181 1753 428 1802 adducimur,
458 1756 504 1792 ut
534 1753 760 1803 credamus,
790 1753 922 1802 ipsam
953 1753 1065 1793 illam
1085 1764 1223 1794 vocem
1253 1755 1423 1804 ‘corpus'
1454 1754 1578 1795 etiam
1607 1754 1673 1795 hic
1712 1754 1879 1804 requiri,
1908 1754 1951 1794 id
1984 1753 2089 1802 quod
2118 1752 2242 1793 etiam
2262 1752 2404 1793 addito

181 1817 439 1859 ’venerabile’
485 1819 690 1860 adiectivo
735 1819 1025 1868 quodammodo
1068 1820 1283 1861 indicatur.
1370 1821 1430 1862 Cf.
1464 1826 1497 1871 1,
1532 1824 1649 1870 1,’70
1679 1821 1925 1861 'venerabile
1981 1821 2128 1869 caput)
2185 1820 2275 1870 Qua
2315 1823 2408 1860 erat

178 1884 441 1924 Abascantus
473 1883 631 1933 pietate
661 1896 760 1935 erga
788 1896 953 1925 uxorem
982 1884 1123 1934 iniqua
1150 1889 1278 1925 moi-te
1307 1885 1389 1926 sibi
1419 1890 1612 1937 ereptam,
1645 1890 1691 1926 ut
1718 1898 1770 1926 ne
1798 1885 1993 1926 memoria
2021 1884 2135 1925 illius
2163 1889 2400 1936 moreretur,

178 1952 339 1991 statuas
361 1950 414 1990 ad
443 1950 756 1991 similitudinem
784 1951 915 2001 ipsius
936 1963 1055 1991 rasas
1086 1952 1126 1992 in
1158 1952 1346 2002 sepulcro
1376 1952 1469 2003 poni
1498 1951 1638 2003 iussit,
1669 1965 1772 2002 quae
1792 1952 1957 1992 dearum
1989 1950 2165 2001 speciem
2194 1950 2399 1991 imitaren-

177 2020 258 2055 tur.
317 2018 420 2066 Age,
451 2016 533 2066 sis,
562 2027 670 2056 nunc
700 2017 749 2057 de
778 2028 816 2057 v.
840 2021 918 2056 233
948 2017 1170 2057 videamus.
1229 2018 1462 2059 Lectionem
1492 2018 1628 2059 ’tholo’
1658 2018 1699 2058 in
1729 2028 1766 2058 v.
1800 2020 1876 2057 233
1907 2021 2136 2067 corruptam
2166 2027 2284 2067 esse,
2315 2027 2401 2057 cum

178 2093 300 2120 sensu
332 2081 387 2120 sit
417 2082 628 2133 destituta,
659 2095 900 2132 quamquam
930 2095 1002 2132 per
1031 2095 1077 2123 se
1106 2088 1236 2134 patet,
1266 2090 1398 2124 tamen
1430 2085 1603 2124 nondum
1624 2085 1837 2133 quisquam
1868 2084 2039 2133 exstitit,
2072 2084 2139 2132 qui
2169 2084 2407 2124 emendaret

177 2157 396 2196 omnesque
426 2158 474 2187 ex
494 2147 627 2189 animo
657 2148 870 2199 scrupulos
901 2148 1109 2190 evelleret.
1166 2149 1321 2202 Quotus
1350 2149 1454 2190 enim
1472 2149 1639 2201 quisque
1667 2149 1891 2202 iuvenitur,
1923 2150 1990 2201 qui
2020 2150 2252 2191 Marklnndi
2283 2163 2401 2191 cona-

175 2218 262 2254 tum
292 2224 364 2263 pro
396 2214 534 2254 'tholo’
565 2216 690 2255 'auro’
721 2215 959 2256 conicientis
990 2215 1193 2266 integram
1226 2220 1370 2266 poetae
1399 2227 1539 2257 vocem
1582 2227 1669 2257 cum
1700 2216 1992 2267 probabilitate
2038 2216 2210 2267 quadam
2238 2215 2401 2257 restitu-

175 2284 256 2319 tam
288 2292 381 2320 esse
411 2280 493 2319 sibi
522 2281 791 2329 persuadeat,
822 2286 1108 2331 praeterquam
1149 2283 1254 2331 quod
1295 2286 1450 2322 tantum
1480 2284 1598 2322 abest
1626 2283 1786 2323 metalli
1815 2283 2062 2332 significatio
2092 2287 2138 2322 nt
2165 2282 2405 2322 necessaria

174 2344 230 2385 sit
260 2349 305 2385 ut
333 2357 384 2385 ne
415 2344 673 2386 desideretur
702 2346 872 2396 quidem.

372 2410 545 2460 Omnino
575 2411 659 2451 alia
706 2412 946 2453 emendandi
994 2413 1073 2454 erit
1115 2413 1385 2465 ingredienda
1413 2414 1507 2466 via,
1551 2425 1632 2465 qua
1659 2415 1713 2455 ad
1742 2415 1879 2456 exitus
1920 2416 2191 2466 pervehamur
2220 2418 2401 2465 optatos.

174 2477 374 2528 Quoniam
405 2477 547 2527 plures
578 2478 818 2519 colebantur
846 2479 1040 2531 Veneres,
1072 2483 1118 2521 ut
1145 2479 1429 2532 ambiguitatis
1462 2483 1601 2521 notam
1637 2480 1837 2533 effugeret
1866 2480 2056 2533 Statius,
2104 2480 2265 2522 addidit
2307 2484 2399 2522 ’non

174 2544 369 2592 improba'
400 2544 425 2583 i.
456 2556 491 2584 e.
518 2545 690 2585 honesta
719 2545 809 2585 sive
838 2546 975 2585 Venus
1005 2546 1213 2597 Genetrix,
1244 2548 1367 2597 quali,
1399 2551 1445 2587 ut
1472 2558 1593 2587 unum
1624 2548 1849 2597 exemplum
1880 2559 2195 2597 commemorem,
2227 2547 2403 2587 Veneris

174 2609 408 2650 Genetricis
452 2609 668 2651 simulacro
712 2611 876 2651 exculta
918 2615 1007 2656 erat
1049 2611 1214 2664 Sabina,
1256 2612 1459 2654 Hadriani
1501 2612 1576 2654 illa
1603 2613 1698 2664 imp.
1729 2625 1842 2664 uxor,
1885 2614 1991 2663 quod
2032 2616 2242 2655 servatum¹
2267 2614 2406 2654 adhucv

178 2686 344 2716 cernere
386 2675 486 2716 licet
514 2675 556 2716 in
585 2676 675 2716 aed.
707 2676 840 2717 Vatic.
873 2688 1010 2717 muse)
1040 2677 1383 2720 Pio-clementino
1412 2678 1464 2719 cf.
1493 2678 1635 2733 Duruy
1659 2680 1710 2721 H.
1740 2679 1755 2720 i
1784 2679 2050 2730 R.11p.457
2073 2680 2136 2721 ed.
2156 2680 2398 2729 Hertzberg.

178 2741 295 2792 Quod
324 2742 373 2782 de
405 2742 561 2783 Venere
591 2744 696 2783 idem
740 2744 854 2785 valet
898 2744 948 2783 de
976 2744 1099 2783 Maia.
1172 2745 1274 2785 Nam
1317 2745 1641 2797 distinguendum
1685 2751 1750 2788 est
1805 2748 1913 2787 iuter
1954 2748 2101 2787 Maiam
2146 2747 2397 2795 Latinorum,

178 2819 296 2858 quam
318 2808 485 2849 eandem
515 2809 675 2850 nomine
697 2810 834 2851 Bonae
855 2810 969 2851 Deae
1000 2810 1183 2861 praecise
1213 2811 1486 2863 nominabant,
1515 2813 1767 2855 notissimam
1795 2814 1907 2854 illam
1936 2826 1987 2855 ex
2014 2814 2170 2855 scelere
2190 2811 2406 2861 Clodiano,·

177 2874 293 2914 cuius
324 2874 412 2914 dies
441 2875 573 2916 festus
603 2876 887 2917 celebrabatur
915 2877 999 2917 Cal.
1028 2876 1152 2918 Maiis
1193 2881 1235 2918 et
1275 2877 1385 2919 inter
1411 2878 1562 2920 Maiam
1591 2880 1862 2932 Graecorum,
1905 2880 2089 2922 Atlantis
2117 2880 2232 2921 illam
2258 2878 2397 2929 filiam,

178 2945 347 2981 matrem
376 2941 581 2982 Mercurii.
639 2943 695 2984 Ut
723 2943 860 2984 brevis
889 2943 964 2984 sim
996 2943 1313 2994 satietatemque
1356 2944 1570 2996 effugiam,
1610 2951 1760 2997 poetae
1788 2948 1974 2998 praecise
2014 2952 2105 2988 erat
2131 2946 2407 2998 significanda⁴

177 3014 222 3047 nt
251 3007 425 3047 Veneris
453 3007 517 3048 ita
544 3008 681 3049 Maiae
710 3009 958 3060 proprietas,
989 3021 1040 3050 ne
1070 3021 1151 3060 qua
1181 3011 1369 3051 subesset
1397 3011 1660 3063 ambiguitas.
1729 3014 1867 3054 Maiae
1910 3013 2086 3055 Latinae
2129 3014 2218 3055 sive
2259 3014 2406 3055 Bonae

175 3072 291 3113 Deae
340 3072 518 3124 effigiem
562 3074 722 3114 admitti
769 3076 838 3115 vix
867 3087 1009 3127 posse,
1054 3088 1104 3117 ex
1133 3076 1186 3117 iis
1215 3077 1378 3129 elucet,
1419 3089 1523 3128 quae
1550 3079 1760 3120 Prellerus
1800 3080 1843 3120 in
1870 3080 1994 3131 myth.
2025 3081 2137 3121 Rom.
2169 3092 2208 3131 p.
2238 3083 2317 3120 352
2347 3079 2407 3119 de

2429 10 2435 17 .
2467 0 2560 17 :ir-ww-

2490 14 2568 32 “³2⁴0“
2577 14 2585 26 ⁴.
