2585 3531
1179 259 1420 297 ...ae-.-

175 381 272 431 est,
286 381 333 419 nt
358 376 533 418 nondum
575 375 917 429 investigaretur.
980 377 1068 431 Quo
1098 377 1278 419 carmine
1321 375 1482 419 Statius
1510 376 1635 418 Pollii
1662 376 1835 430 Felicis,
1876 389 2047 430 quocum
2090 379 2418 425 familiaritatem

178 446 443 487 contraxerat
469 442 669 496 intimam,
697 442 843 486 villam
873 443 1154 486 Surrentinam
1184 442 1393 485 describit.
1422 442 1501 496 Qui
1522 455 1612 484 cum
1631 443 1718 485 ruti
1738 443 1933 486 assiduus
1953 445 2238 497 stampensem
2257 446 2425 490 viveret

162 513 358 561 ⁴remotus
402 510 455 552 ab
484 509 615 552 oculis
657 510 799 562 populi
825 510 885 552 -in
927 510 1102 552 omnium
1130 509 1349 552 vacatione
1390 522 1615 553 munerum.
1641 512 1771 553 vitam
1800 511 1959 553 omnino
2003 510 2120 563 degit
2147 513 2417 566 umbratilem,

178 578 353 619 honores
380 587 460 617 non
490 579 666 628 captans
693 576 891 627 publicos.
946 576 1047 617 Inde
1076 588 1102 617 a
1129 588 1168 617 v.
1202 579 1258 633 17,
1279 576 1472 627 leguntur
1499 576 1620 617 haec:
1674 604 1675 607 η

575 647 738 689 ’Gratia
779 648 912 700 prima
953 648 1057 699 loci,
1101 647 1265 700 gemina
1308 647 1516 689 testudine
1553 648 1716 690 fumant

574 714 758 766 Balnea,
788 718 831 756 et
859 726 882 755 e
909 713 1060 755 terris*
1089 713 1268 755 occurrit
1296 712 1430 754 dulcis
1461 725 1599 755 amaro

577 779 765 831 Lympha
790 779 906 821 mari.
943 780 1050 821 levis
1084 780 1152 820 hic
1179 778 1328 819 Phorci
1357 779 1505 820 chorus
1535 780 1864 829 udaque-crines

579 845 805 898 Cymodoce
833 845 1062 896 viridisque
1091 844 1204 896 cupit
1233 843 1439 885 Galathea
1468 845 1627 886 lauari’.

378 923 579 974 Loquitur
617 926 741 973 poeta
782 923 833 963 de
875 923 1112 963 balneorum
1154 921 1411 973 praestantia
1449 933 1575 972 usque
1613 922 1666 962 ad
1696 934 1735 963 v.
1766 925 1832 962 20.
1890 921 1988 963 Cum
2033 923 2139 964 duae
2183 924 2420 965 balneorum

178 989 416 1031 testudines
446 991 817 1039 commemorentur,
862 1000 943 1028 non
983 992 1049 1029 est
1091 1001 1163 1028 cur
1206 987 1458 1029 dubitaveris
1502 988 1676 1027 alterum
1706 999 1838 1037 aquae
1867 987 2051 1028 marinae
2095 989 2269 1030 alterum
2307 990 2417 1030 dulci

179 1056 463 1097 inservivisse.
520 1055 616 1095 Jam
651 1066 748 1095 vero
778 1066 869 1094 cum
898 1066 1027 1103 usque
1062 1056 1114 1094 ad
1165 1067 1201 1095 v.
1234 1059 1284 1093 20
1315 1054 1395 1094 nisi
1424 1055 1472 1096 de
1501 1054 1662 1094 balneis
1692 1066 1823 1095 sermo
1868 1067 1947 1094 nou
1977 1055 2046 1105 sit,
2091 1068 2164 1105 pro
2209 1057 2244 1095 'e
2282 1056 2418 1097 terris'

179 1123 218 1163 'e
246 1120 426 1163 thermis'
470 1119 700 1172 legendum,
745 1118 788 1160 id
818 1119 925 1170 quod
954 1120 1144 1161 versibus
1176 1121 1457 1171 comprobatur
1486 1119 1770 1170 sequentibus:
1816 1120 1954 1163 ’Levis
1997 1120 2062 1161 hic
2091 1120 2241 1162 Phorci
2273 1121 2419 1163 chorus

182 1188 344 1237 udaque
373 1186 613 1227 crines
659 1185 773 1236 cupit
802 1185 1011 1226 Galathea
1039 1186 1201 1227 lavari'.
1259 1186 1455 1226 Libenter
1494 1186 1536 1225 in
1577 1186 1718 1226 eadem
1759 1186 1965 1227 sententia
2009 1186 2168 1227 Statius
2212 1191 2420 1227 versatur.

183 1253 243 1294 Cf.
282 1259 314 1302 1,
347 1255 385 1302 5,
418 1255 469 1292 54
499 1252 549 1292 de
578 1251 725 1292 balneo
756 1251 920 1291 Claudii
949 1251 1136 1291 Etrusci:
1187 1252 1288 1291 ’Hoc
1331 1252 1473 1291 mallet
1513 1251 1629 1292 nasci
1660 1252 1864 1301 Cytherea
1892 1252 2104 1301 profundo’
2134 1253 2160 1292 i.
2193 1265 2226 1292 e.
2259 1254 2421 1294 balneo.

181 1318 266 1359 Nec
294 1317 426 1358 minus
455 1328 579 1367 saepe
610 1315 769 1356 Statius
790 1314 987 1356 describit
1007 1327 1145 1356 amaro
1175 1316 1277 1356 mari
1297 1328 1445 1365 aquam
1473 1316 1633 1356 dulcem
1662 1316 1904 1366 necopinato
1934 1316 2110 1357 misceri.
2140 1316 2200 1357 Cf.
2232 1329 2337 1366 quae
2367 1318 2417 1358 de

180 1384 340 1435 Alpheo
371 1386 414 1424 et
441 1382 663 1433 Arethusa,
692 1380 805 1422 fonte
834 1381 907 1421 illo
943 1381 1214 1433 Syracusano,
1243 1381 1350 1422 idem
1380 1381 1488 1422 dicit
1510 1386 1631 1433 poeta
1665 1387 1697 1433 l,
1730 1387 1766 1433 2,
1798 1386 1890 1423 208.
1949 1382 2138 1424 ’Miratur
2158 1383 2295 1424 dulcia
2314 1383 2415 1424 Nais

179 1450 338 1491 Oscula
367 1461 443 1489 nec
473 1447 606 1489 credit
633 1448 782 1499 pelago
811 1447 977 1487 venisse
1005 1447 1221 1487 maritum'.
1281 1448 1482 1488 Similiter
1510 1449 1632 1500 fingit
1674 1450 1749 1488 hoc.
1784 1449 1873 1488 loco
1916 1452 2052 1499 poeta,
2088 1450 2195 1489 unde
2224 1460 2303 1488 non
2333 1461 2421 1499 spe—

183 1520 310 1566 raret,
355 1514 459 1555 mari
503 1525 641 1555 amaro
677 1526 700 1554 e
739 1513 909 1554 thermis
953 1513 1140 1553 emissam
1184 1525 1332 1562 aquam
1377 1513 1536 1555 dulcem
1567 1514 1794 1555 obvenisse.
1858 1514 1917 1555 Cf.
1967 1518 2001 1564 1,
2046 1519 2085 1564 3,
2130 1519 2180 1553 42
2226 1515 2276 1555 de
2320 1515 2424 1555 villa

182 1580 402 1622 Tiburtina
429 1578 592 1620 Manilii
622 1578 792 1629 Vopisci
822 1579 900 1619 'An
930 1590 1034 1629 quae
1065 1578 1276 1630 graminea
1305 1583 1504 1629 suscepta
1534 1579 1741 1630 crepidine
1770 1579 1929 1620 fumant
1949 1580 2107 1620 Balnea
2128 1583 2171 1620 et
2190 1579 2423 1630 impositum

183 1646 285 1697 ripis
314 1645 554 1697 algentibus
573 1645 743 1696 ignem?
801 1644 993 1696 Quasque
1022 1643 1267 1694 vaporiferis
1287 1644 1454 1685 iunctus
1475 1644 1711 1686 fornacibus
1732 1645 1864 1686 amuis
1883 1645 2011 1687 Ridet
2025 1646 2267 1687 anhelantes
2286 1646 2422 1688 vicino

181 1712 347 1753 flumine
376 1712 624 1762 nymphas’?

382 1776 444 1817 Ad
472 1775 654 1817 eiusdem
683 1775 809 1816 Pollii
837 1775 994 1815 Felicis
1035 1776 1222 1815 honorem
1265 1777 1292 1815 1.
1334 1776 1397 1815 III
1438 1776 1515 1816 ecl.
1552 1781 1566 1815 1
1601 1780 1664 1816 est
1694 1776 1860 1826 scripta.
1919 1776 1998 1827 Qui
2039 1789 2128 1816 cum
2157 1777 2199 1816 iu
2229 1789 2273 1816 re
2304 1777 2420 1816 lauta

179 1847 293 1885 esset
322 1853 455 1892 neque
485 1842 548 1883 ita
576 1842 795 1883 claudebat
824 1853 910 1882 rem
936 1841 1194 1892 familiarem,
1226 1847 1270 1883 ut
1300 1854 1389 1882 eam
1432 1842 1671 1892 benignitas
1714 1842 1877 1892 aperire
1921 1854 2000 1882 non
2045 1846 2195 1892 posset,
2241 1854 2314 1882 nec
2355 1842 2417 1882 ita

179 1909 408 1958 reserabat,
438 1912 485 1947 ut
513 1911 676 1958 pateret
703 1907 887 1947 omnibus
918 1907 1168 1957 largitioque
1197 1908 1360 1947 fundum
1392 1920 1470 1947 non
1491 1909 1673 1947 haberet.
1733 1908 1773 1947 Is
1794 1908 1966 1948 Herculi
1988 1908 2156 1948 Custodi
2178 1907 2417 1948 Surrentino

179 1974 359 2025 profusis
389 1973 619 2023 sumptibus
651 1974 845 2023 templum
875 1972 1183 2022 aedificaverat,
1214 1974 1400 2021 quoniam
1428 1978 1617 2013 vetustas
1648 1977 1690 2013 et
1718 1973 1901 2013 tenuitas
1931 1973 2097 2023 pristini
2139 1974 2283 2013 sacelli
2314 1973 2416 2013 Her-

179 2039 304 2092 culei,
335 2039 441 2089 quod
470 2039 542 2080 vix
570 2042 720 2080 nautas
749 2038 999 2090 fluctivagos
1029 2039 1341 2089 piscatoresque
1386 2050 1532 2088 capere
1563 2045 1715 2090 posset,
1760 2043 1876 2079 tanto
1918 2038 2081 2079 numine
2125 2039 2203 2079 iam
2250 2039 2420 2090 indigna

182 2106 411 2147 videbatur.
483 2105 614 2156 Quam
658 2105 904 2146 sententiam
948 2113 1072 2156 poeta
1114 2105 1176 2145 ita
1218 2106 1491 2155 persequitur,
1535 2111 1580 2144 ut
1623 2105 1752 2154 nobis,
1797 2117 1868 2144 cur
1912 2105 2034 2145 aedes
2078 2117 2184 2145 nova
2228 2105 2421 2145 Herculis

181 2175 397 2212 exstructa
424 2171 493 2220 sit,
523 2170 764 2221 patefaciat.
825 2171 865 2210 Is
895 2171 990 2211 inde
1020 2184 1046 2211 a
1074 2184 1113 2212 v.
1146 2176 1197 2209 60
1229 2183 1312 2210 rem
1342 2174 1574 2220 pertractat
1603 2170 1681 2210 sic:
1713 2170 1909 2221 Quamvis
1930 2171 2135 2210 Albanum
2162 2183 2294 2210 meum
2323 2171 2421 2210 mihi

181 2236 393 2278 sufficeret
450 2249 498 2277 ac
551 2236 658 2277 domi
708 2248 823 2277 meae
868 2237 1164 2287 aquaeductus,
1210 2249 1326 2286 quem
1371 2236 1621 2288 benignitati
1666 2235 1890 2276 Domitiani
1934 2236 2027 2286 imp,
2075 2237 2215 2287 debeo,
2261 2241 2419 2277 aestum

185 2303 408 2354 frangeret,
438 2306 575 2343 tamen
604 2314 630 2342 a
648 2302 782 2342 Pollio
802 2314 891 2342 meo
920 2303 1098 2353 hospitio
1128 2303 1331 2343 invitatus
1362 2315 1438 2342 non
1468 2302 1622 2342 invitus
1642 2301 1683 2342 in
1706 2302 1848 2342 villam
1869 2302 2150 2342 Surrentinam
2170 2314 2232 2342 me
2253 2302 2420 2342 contuli.

186 2369 250 2410 Ibi
278 2369 320 2408 in
351 2368 499 2409 studiis
529 2368 796 2418 ingenuarum
839 2368 991 2408 artium
1020 2369 1315 2417 literarumque
1356 2369 1541 2418 occupati
1583 2368 1740 2407 animos
1785 2367 2061 2408 relaxavimus
2103 2368 2268 2416 otioque
2312 2368 2422 2407 dulci

180 2433 431 2476 indulsimus.
488 2434 627 2482 Atque
656 2433 792 2473 idibus
821 2434 927 2484 Aug.
958 2446 1046 2474 cum
1077 2435 1165 2474 dies
1195 2433 1328 2474 festus
1357 2434 1515 2474 Dianae
1545 2433 1737 2473 Alicinae
1758 2434 2037 2473 celebraretur
2057 2437 2281 2482 aestusque
2302 2432 2421 2473 nimis

186 2503 368 2553 urgeret,
399 2503 445 2540 ut
474 2498 577 2540 solis
622 2499 799 2540 calorem
830 2499 1150 2551 defenderemus,
1195 2500 1237 2539 in
1279 2499 1416 2540 litoris
1455 2501 1595 2540 umbra
1625 2498 1854 2549 spatiisque
1898 2499 2163 2540 silvestribus
2209 2499 2418 2549 epulatum

180 2565 474 2607 discubuimus.
533 2565 629 2606 Jam
670 2564 806 2605 omnia
836 2571 953 2606 erant
981 2574 1140 2618 parata,
1174 2579 1261 2607 cum
1294 2565 1427 2606 subito
1458 2570 1684 2617 tempestas
1704 2565 2068 2607 vehementissima
2096 2565 2264 2616 ingruit.
2323 2565 2421 2606 Cum

183 2632 264 2673 alio
293 2632 457 2683 longum
488 2636 614 2682 esset,
656 2632 698 2672 in
729 2632 928 2672 sacellum
956 2632 1148 2673 Herculis
1190 2632 1444 2683 confugimus
1474 2645 1563 2673 cum
1587 2632 1753 2672 famulis
1783 2633 1987 2681 turbaque
2028 2631 2267 2682 gratissima
2296 2632 2421 2671 Pollii

179 2698 403 2748 Pollaeque
430 2698 666 2739 liberorum.
726 2698 826 2739 Tum
874 2698 1087 2749 Hercules,
1132 2698 1235 2739 laris
1279 2702 1431 2749 eustos,
1467 2699 1519 2739 ad
1549 2710 1671 2739 aures
1700 2697 1825 2738 Pollii
1868 2697 2046 2738 accessit
2088 2700 2212 2747 atque
2240 2697 2282 2737 in
2311 2698 2419 2737 hunc

186 2764 273 2806 fere
301 2764 458 2804 modum
487 2764 785 2805 insusurravit:
843 2765 959 2805 Tune
989 2765 1342 2805 Puteolitanorum
1372 2764 1557 2814 idemque
1601 2763 1967 2814 Neapolitanorum
2008 2762 2210 2815 benignus
2239 2761 2416 2814 largitor

180 2831 330 2881 opum?
360 2829 436 2878 (Cf.
466 2834 504 2881 2,
535 2834 573 2881 2,
605 2835 667 2870 96.
699 2835 763 2870 97.
799 2835 875 2870 134
905 2836 1009 2880 sqq.)
1066 2831 1182 2870 Tune
1226 2830 1410 2870 omnibus
1453 2830 1620 2871 summis
1663 2829 1812 2869 infimis
1856 2829 2061 2869 iucundus
2102 2832 2229 2878 atque
2264 2828 2424 2879 largus,

177 2895 281 2937 mihi
309 2896 380 2937 uni
408 2897 586 2947 parcus?
642 2897 709 2938 Da
735 2897 931 2948 templum
960 2896 1192 2948 dignasque
1222 2895 1367 2946 opibus
1396 2895 1479 2937 tuis
1509 2908 1614 2937 aras.

438 2966 527 3004 114.
575 2963 729 3014 ’Incipe
758 2966 801 3004 et
827 2963 1046 3004 Herculeis
1074 2962 1206 3004 fidens
1236 2961 1463 3003 hortatibus
1501 2961 1621 3009 aude.

575 3028 667 3070 Non
699 3027 972 3079 Amphioniae
1005 3028 1199 3070 steterint
1232 3026 1418 3069 velocius
1446 3039 1566 3068 arces

576 3094 881 3147 Pergameusve
908 3095 1047 3136 labor’.
1103 3093 1225 3135 Dixit
1249 3096 1508 3143 montemque
1535 3093 1730 3143 reliquit’.
