2585 3531
232 0 521 26 z=,.*,‘3¹1⁸7‘⁴323]53ffl³³'”
538 0 570 5 ““”
619 0 623 3 “
649 7 652 9 *
670 0 687 2 ’“
703 9 707 17 ‚

263 25 287 34 ,κ
322 21 359 37 -2'2-
371 22 425 37 ⁸*5**
619 25 624 32 ι

1189 251 1431 289 -.7.....

385 369 446 410 At
473 367 589 409 codd.
619 366 745 409 lectio
776 368 1042 419 'montemque
1068 368 1251 420 reliquit’
1279 369 1393 411 nullo
1421 372 1544 422 pacto
1572 369 1672 411 ferri
1700 374 1849 422 potest,
1879 382 1968 412 cum
1993 371 2192 413 Hercules
2221 382 2301 412 non
2319 370 2415 412 reli-

189 436 327 490 querit
353 438 543 486 montem,
571 432 748 475 Pollium
776 433 1000 485 reliquerit.
1042 434 1172 488 Quam
1200 446 1335 478 rerum
1363 436 1678 489 repugnantiam
1706 437 1879 478 nondum
1909 436 2122 488 quisquam
2150 437 2257 479 vidit
2283 448 2414 487 neque

189 505 375 558 agnovit.
430 502 681 554 Legendum,
711 501 754 542 id
784 502 889 552 quod
915 515 989 553 per
1017 515 1063 544 se
1093 507 1232 554 patet:
1290 503 1421 543 ’Dixit
1447 505 1774 554 monitumque
1793 504 1973 554 reliquit'
1992 504 2017 545 i.
2034 516 2067 545 e.
2079 504 2267 545 Pollium.
2299 505 2413 556 Quae

189 585 279 614 cum
299 572 400 612 deus
414 567 591 610 Polliam
611 567 848 619 monuisset,
869 568 1076 609 discessit.
1132 569 1193 609 Ne
1222 569 1372 610 multus
1394 569 1470 610 sim
1489 570 1532 610 in
1552 583 1596 611 re
1618 575 1773 628 aperta,
1803 571 1972 613 verbum
1989 569 2176 611 monendi
2205 571 2411 620 proprium

189 644 255 681 est
281 638 325 679 in
353 634 550 677 eiusmodi
585 635 719 675 rebus.
778 633 838 675 Cf.
870 637 906 685 3,
938 638 974 685 3,
1005 634 1086 675 204
1117 635 1411 685 ‘monituraque
1441 636 1596 677 somnia
1624 638 1816 687 poscam⁷.
1874 636 1998 677 Facit
2016 636 2146 687 igitur
2163 640 2287 686 poeta
2306 636 2408 675 Her-

189 706 319 748 culem
337 703 576 751 monentem,
606 703 653 741 ut
679 712 731 741 ne
749 700 953 742 minimam
973 700 1134 751 quidem
1164 701 1323 742 Pollius
1341 701 1577 752 interponat
1596 714 1759 754 moram,
1790 702 1887 752 quin
1907 702 1989 753 ipsi
2009 702 2203 753 templum
2223 701 2412 743 aedificet

187 768 456 821 magnificum.

382 834 534 874 Aetate
576 833 656 873 iam
712 832 1026 884 ingravescente
1076 833 1144 884 qui
1196 834 1409 884 plurimum
1453 835 1646 886 temporis
1688 834 1842 876 Romae
1887 839 2192 885 consumpserat
2238 833 2408 879 Statius,

190 901 316 943 solum
347 898 528 940 civitatis
556 898 778 939 mutatione
821 902 980 940 vertere
1025 899 1241 941 constituit
1269 900 1560 951 Neapolimque
1601 902 1790 941 secedere
1833 900 1983 950 ibique,
2029 900 2097 941 ubi
2141 903 2262 940 natus
2306 905 2408 948 erat,

189 968 293 1007 ‹liem
325 965 437 1005 obire
468 976 706 1015 supremum.
736 965 888 1005 Exstat
918 966 1074 1017 ecloga,
1105 977 1186 1015 qua
1214 958 1412 1006 Claudiae
1442 966 1558 1006 uxori
1589 967 1835 1016 persuadere
1856 967 2005 1017 studet,
2037 970 2081 1006 ut
2103 966 2230 1005 Roma
2260 965 2409 1005 relicta

184 1034 228 1073 in
258 1033 435 1083 patriam
465 1031 651 1081 coniugis
680 1033 818 1070 urbem
848 1032 1061 1081 demigret.
1119 1032 1246 1083 Quam
1282 1033 1325 1072 in
1353 1034 1649 1073 matrimonium
1695 1035 1867 1073 duxerat
1898 1034 2107 1073 Claudiam
2153 1032 2325 1080 Sta-tius,
2358 1044 2407 1071 ea

185 1104 312 1151 nupta
341 1097 478 1139 fuerat
508 1103 652 1148 poetae
683 1097 855 1147 cuidam,
897 1109 948 1138 ex
978 1110 1055 1148 quo
1085 1098 1337 1139 matrimonio
1368 1105 1583 1149 supererat
1610 1098 1799 1151 privigna
1828 1099 1869 1140 id
1898 1098 2094 1149 temporis
2124 1098 2203 1138 iam
2240 1096 2407 1138 nubilis.

186 1165 264 1217 (Cf.
287 1177 325 1205 v.
357 1169 401 1204 61
438 1169 542 1213 sqq.)
600 1163 687 1215 Quo
716 1163 878 1204 facilius
919 1164 1091 1204 animum
1121 1165 1259 1205 uxoris
1288 1165 1485 1217 flecteret,
1515 1170 1559 1206 ut
1589 1166 1790 1207 voluntati
1820 1178 1920 1206 suae
1947 1178 2093 1206 morem
2113 1168 2285 1216 gereret,
2316 1175 2416 1203 enu-·

184 1232 360 1272 meravit
388 1231 519 1270 omnia
547 1230 660 1270 vitae
689 1230 999 1279 oblectamenta,
1031 1230 1175 1278 quibus
1205 1231 1401 1280 Neapolis
1430 1231 1617 1273 afflueret
1657 1232 1835 1281 itemque
1865 1232 2026 1272 vicinae
2069 1231 2247 1281 regionis
2278 1241 2405 1269 amoe-

180 1297 366 1337 nitatem.
422 1296 572 1336 Versus
601 1296 652 1343 (V
682 1299 718 1346 3,
757 1299 823 1333 201
857 1299 957 1343 sqq.)
989 1300 1082 1336 sunt
1109 1296 1170 1336 hi:

1033 1373 1235 1424 'Trepidis
1265 1374 1334 1415 ubi
1365 1374 1501 1416 dulcia
1530 1374 1668 1416 nautis

575 1438 748 1478 Lumina
778 1438 1019 1490 noctivagae
1049 1440 1161 1479 tollit
1189 1440 1348 1481 Pharus
1378 1441 1539 1481 aemula
1567 1441 1689 1481 lunae

430 1510 517 1544 102.
577 1505 787 1552 Curaque*
816 1516 892 1544 non
923 1505 1035 1544 molli
1064 1506 1160 1556 iuga
1190 1506 1431 1546 Surrentina
1458 1507 1610 1556 Lyaeo,

577 1570 689 1620 Quae
736 1582 847 1610 meus
878 1574 973 1610 ante
1002 1570 1107 1611 alios
1136 1571 1345 1612 habitator
1373 1572 1532 1612 Pollius
1562 1573 1713 1622 auget'.

378 1659 427 1700 V.
463 1662 537 1698 102
582 1659 761 1708 Lyaeum
801 1670 874 1708 per
907 1659 1191 1710 metonymiam
1236 1672 1328 1700 esse
1372 1660 1651 1710 accipiendum
1694 1673 1765 1710 pro
1810 1660 1903 1700 vino
1949 1659 2101 1699 additis
2143 1658 2279 1698 verbis
2310 1659 2400 1697 ’non

178 1726 306 1765 molli’
338 1724 440 1765 satis
483 1724 698 1764 iudicatur.
757 1723 920 1764 Etenim
949 1736 1023 1763 non
1056 1725 1190 1765 mollis
1219 1725 1380 1776 Lyaeus
1408 1725 1513 1767 idem
1544 1727 1656 1766 valet
1686 1726 1790 1775 quod
1822 1727 1910 1764 'non
1942 1726 2062 1764 molle
2092 1724 2253 1763 vinum'.
2312 1722 2403 1773 Qua

182 1803 225 1830 re
256 1795 399 1840 aperta
428 1790 587 1840 patebit
618 1790 736 1840 'iuga'
766 1801 842 1829 non
876 1789 956 1830 dici
987 1801 1102 1839 posse
1133 1791 1241 1830 ’cara
1269 1803 1348 1831 non
1376 1791 1488 1832 molli
1508 1790 1660 1842 Lyaeo'
1690 1792 1761 1831 sed
1792 1791 1942 1831 “clara'.
1993 1789 2226 1840 Legeiulum
2258 1788 2399 1838 igitur,

176 1858 222 1895 ni
253 1857 387 1905 fallor,
420 1857 670 1904 'Claraque
700 1868 778 1895 nou
807 1855 917 1895 molli
946 1856 1042 1906 iuga
1072 1857 1309 1897 Surrentina
1337 1858 1499 1908 Lyaeo'.

375 1922 423 1961 lu
451 1921 477 1961 l.
508 1922 564 1960 lV
604 1926 641 1970 4,
675 1926 725 1959 78
756 1922 951 1971 leguntur
978 1923 1099 1962 haec:

572 1998 697 2038 'Haec
728 2010 803 2048 ego
834 1998 1080 2040 Chalcidicis
1110 1999 1163 2039 ad
1192 2004 1245 2049 te,
1275 2000 1484 2050 Marcelle,
1515 2000 1707 2040 sonabam

573 2065 794 2109 Litoribus.
825 2065 981 2106 fractas
1010 2066 1078 2106 ubi
1107 2067 1285 2107 Vesvius
1315 2067 1437 2118 erigit
1466 2068 1562 2116 iras,

574 2131 746 2169 Aemula
776 2130 1001 2172 Trinacriis
1031 2133 1200 2173 volvens
1229 2133 1418 2172 incendia
1451 2133 1634 2172 fiammis.

570 2196 675 2235 Mira
704 2196 822 2237 fides!
855 2198 1047 2238 credetne
1076 2199 1207 2239 virum
1237 2204 1410 2239 ventura
1438 2210 1629 2248 propago,

572 2263 668 2302 Cum
700 2267 865 2312 segetes
896 2263 1054 2313 iterum,
1086 2276 1174 2304 cum
1204 2265 1284 2304 iam
1315 2266 1415 2304 haec
1447 2265 1610 2303 deserta
1639 2264 1839 2311 virebuut,

570 2329 683 2367 Infra
713 2330 831 2369 urbes
862 2330 1112 2379 populosque
1143 2331 1267 2380 premi
1296 2330 1562 2380 proavitaque
1592 2336 1676 2369 toto

568 2394 680 2433 Rura
711 2394 862 2433 abiisse
893 2394 1029 2434 inari?
1084 2396 1231 2435 Procul
1264 2396 1347 2435 ista
1379 2395 1462 2435 tuis
1498 2395 1580 2435 sint
1612 2395 1712 2444 fata,
1743 2395 1883 2443 Teate,

568 2459 652 2500 Nec
682 2460 935 2500 Marrucinos
966 2463 1063 2512 agat
1090 2461 1191 2501 haec
1220 2460 1381 2501 insania
1409 2461 1611 2500 montes'.*

310 2548 472 2589 Claudit
486 2549 697 2599 epistolam
713 2549 765 2588 ad
778 2549 1013 2589 Marcellum
1026 2549 1161 2590 datam
1176 2549 1333 2590 Statius
1346 2549 1498 2590 addens
1515 2562 1558 2590 se
1576 2550 1792 2600 scripsisse
1808 2550 1846 2590 iu
1863 2549 2095 2599 Campania.
2114 2548 2179 2587 ubi
2195 2547 2397 2586 Vesuvius

159 2625 302 2663 gmons,
333 2615 401 2663 qui
422 2616 646 2666 Pompeios,
676 2616 960 2666 Herculanum,
990 2615 1154 2656 Stabias
1185 2616 1389 2655 cineribus
1420 2617 1638 2667 obruisset,
1669 2617 1799 2656 adhuc
1830 2617 1935 2656 fumo
1958 2616 2207 2663 flammisque
2230 2614 2395 2652 urbibus

177 2679 386 2720 interitum
402 2681 635 2733 minaretur,
659 2681 726 2731 qui
754 2694 805 2721 ne
833 2682 886 2721 ad
897 2681 1085 2722 Marcelli
1100 2681 1269 2732 praedia
1283 2682 1500 2733 pertineat,
1517 2684 1703 2724 omnibus
1720 2684 1909 2734 precibus
1927 2683 2113 2731 votisque
2136 2682 2393 2731 imprecatur.

177 2745 306 2797 Quam
347 2747 397 2787 ob
439 2760 522 2788 rem
565 2760 637 2799 pro
682 2749 861 2789 'montes'
904 2748 1119 2799 legendum
1161 2748 1334 2790 ’montis'
1364 2748 1452 2790 scil.
1493 2748 1678 2792 Vesuvii.
1738 2750 1838 2790 Nam
1883 2749 2175 2791 sententiarum
2216 2757 2394 2786 connexu

178 2810 355 2851 efficitur
381 2823 461 2852 uon
489 2817 536 2853 ut
563 2818 720 2854 montes
750 2814 972 2854 Marrucini
1000 2814 1198 2865 ignivomi
1226 2815 1339 2866 fiant,
1368 2816 1410 2855 id
1440 2817 1548 2865 quod
1578 2818 1702 2857 risum
1733 2829 1896 2858 movere
1916 2821 2051 2866 queat,
2084 2826 2171 2854 cum
2202 2814 2267 2863 qui
2297 2812 2392 2851 scri-

175 2876 329 2926 psisset
357 2890 511 2920 omnem
539 2881 832 2922 humanitatem
861 2881 1054 2927 exuisset,
1091 2882 1164 2923 sed
1191 2886 1237 2924 nt
1263 2895 1315 2924 ne
1343 2884 1515 2925 Vesuvii
1556 2884 1748 2925 incendia
1776 2883 2029 2925 Marrucinos
2062 2882 2123 2922 ita
2163 2881 2389 2928 exturbent,

175 2944 222 2981 ut
249 2944 518 2986 exturbarunt
565 2946 834 2998 Pompeianos
864 2959 1016 2998 eosque
1059 2947 1129 2999 qui
1171 2948 1405 2990 incolebant
1435 2949 1713 2991 Herculanum
1755 2955 1798 2992 et
1840 2949 2018 2991 Stabias.
2076 2948 2257 2988 Nondum
2287 2945 2390 2985 enim

167 3006 316 3048 'letale
357 3009 505 3052 minari
548 3017 687 3054 cessat
728 3014 845 3064 apex’
888 3013 1006 3056 addit
1046 3017 1183 3066 poeta.
1239 3013 1300 3055 Cf.
1336 3014 1460 3056 etiam
1504 3018 1542 3067 2,
1572 3019 1610 3068 6,
1641 3020 1693 3057 62
1723 3016 1914 3067 ’Fortior,
1959 3016 2076 3064 Urse,
2120 3013 2227 3053 fores
2258 3011 2293 3051 si
2323 3010 2389 3050 vel

165 3070 356 3114 :fumante
393 3076 511 3128 ruina
556 3078 810 3131 Raptae-sent
854 3080 962 3122 dites
995 3080 1203 3123 Vesuvina
1247 3080 1437 3122 incendia
1483 3083 1663 3134 Locros',
1711 3084 1782 3124 ubi
1829 3083 1968 3124 eadem
2016 3081 2122 3122 redit
2169 3077 2388 3120 sententia.
