2585 3531
1176 255 1446 305 ...10-

166 378 260 437 ἠΰ
283 378 541 441 quamquam
556 371 610 422 db
636 377 833 433 pluribus
852 377 992 423 veluti·
1023 378 1191 441 sepiem·
1220 377 1430 424 montibus
1457 378 1664 433 loquitur,
1704 379 1997 433 nonnunqum
2021 379 2228 435 εὕρθίιΐ
2259 393 2432 425 nuere

182 439 370 491 mus
387 433 665 490 substantivo
679 436 826 497 ιιζιῐιιιι.
867 445 926 489 er.
956 451 989 499 1,
1024 446 1067 498 ι,
1088 438 1329 499 wmm
1358 445 1435 498 per
1460 437 1842 489 musmones*
1886 450 1929 499 1,
1955 450 1991 499 r,
2019 444 2434 503 ωἀιιιι-ωιι

181 512 350 556 medei-a
376 505 555 555 montem
572 506 718 572 Longo
736 510 879 553 Marte
892 512 1063 564 domas’,
1088 511 1161 554 ubi
1188 507 1348 554 montes
1375 511 1539 554 Daciae
1562 509 1662 554 sun!
1689 509 1975 565 inteliegendi‘.
2030 511 2096 556 De
2123 509 2281 557 Romae
2308 511 2427 558 coffi-

182 568 265 620 bus
287 589 379 620 cum
417 575 599 628 quuitur
625 566 787 618 Statius
829 581 902 619 aut
941 578 1155 631 septenum
1193 577 1405 619 numerum
1443 572 1564 618 addit
1604 575 1722 618 velut
1748 581 1792 629 4,
1822 581 1857 629 1,
1887 582 1925 617 6.
1954 580 1995 629 4,
2025 579 2064 630 8,
2093 580 2147 618 26
2176 575 2250 619 aut
2277 576 2430 620 ’Initio'

182 638 316 687 utitur
343 641 538 696 epitheto.
597 641 658 686 09.
692 646 727 695 1,
756 644 803 695 9,·
830 646 849 683 1
881 636 1012 686 ’Latii‘
1034 638 1222 685 montes’.
1256 641 1812 696 1,0,100’11111111;οεῐιι1,11’.
1844 647 1941 694 ³‚4‚
1963 647 2015 685 47
2037 642 2149 685 'Janl
2171 643 2287 685 Latii
2314 644 2427 686 mon'·

182 711 264 751 tes’
271 722 281 761 ;
312 709 418 759 quod
439 708 687 750 adiectivum
716 708 795 749 hoc
824 718 983 766 quoque
1010 708 1101 750 loco
1131 707 1403 763 desideratur.
1460 707 1510 749 Id
1538 707 1832 760 quodammodo
1862 707 1981 750 offert
2009 720 2056 751 se
2084 707 2218 761 ipsum
2237 721 2289 752 ex
2306 720 2426 761 prae·

183 775 355 816 cedente
382 786 485 815 voce
516 774 719 814 'laetitia’.
790 774 908 814 Haec
938 774 1046 814 enim
1075 786 1155 814 vox
1198 785 1289 814 cum
1332 775 1495 814 easdem
1538 774 1628 814 fere
1668 773 1864 814 exhibeat
1907 773 2055 814 literas
2083 777 2209 824 atque
2237 773 2426 827 'Latius’,

181 838 396 892 probabile
438 841 526 889 tam
555 850 676 890 quam
710 838 817 889 quod
844 837 1019 880 maxime
1047 842 1138 890 est,
1180 839 1390 881 oculorum
1419 852 1560 881 errore
1587 839 1735 881 literas
1765 839 1890 880 ’Lati‘
1917 840 2194 889 praecedente
2237 840 2430 880 'laetitia'

96 902 102 906 ’
182 915 284 948 voce
311 905 532 955 absorptas
563 914 656 945 esse
686 914 736 945 ac
764 902 920 945 residui
948 902 1054 945 nihil
1082 902 1214 947 fuisse
1242 903 1326 947 nisi
1355 904 1510 957 ’usque’
1539 903 1608 948 vel
1652 904 1758 957 quod
1785 904 1829 947 in
1859 904 1976 947 codd.
2006 904 2163 958 legitur
2193 909 2428 957 corruptum

183 972 400 1020 ’noseque‘.
458 964 671 1011 Eiusmodi
711 971 925 1011 literarum
953 970 1225 1011 similitudine
1253 982 1380 1022 saepe
1407 970 1452 1011 in
1481 971 1599 1012 codd.
1628 974 1742 1012 totas
1769 983 1895 1013 voces
1923 970 2161 1024 absorberi,
2189 982 2270 1013 non
2299 971 2429 1014 solum

183 1036 253 1090 qui
281 1036 336 1079 ad
364 1039 494 1078 artem
511 1028 712 1078 'criticam
742 1048 788 1078 se
818 1036 1082 1088 applicarunt
1099 1049 1243 1079 verum
1272 1038 1396 1078 etiam
1426 1037 1464 1078 si
1485 1038 1554 1087 qui
1580 1038 1817 1078 accuratius
1835 1040 2049 1087 poetarum
2079 1027 2225 1077 libros
2238 1036 2429 1088 inspexe-

181 1106 289 1155 runt,
319 1106 560 1154 perceptum
588 1101 754 1143 habent.
813 1100 872 1142 Cf.
892 1100 966 1144 Ov.
985 1101 1083 1143 fast.
1109 1107 1144 1154 1,
1165 1107 1258 1155 287,
1289 1102 1359 1144 ubi
1387 1115 1462 1154 pro
1492 1104 1700 1153 ’pacisque
1727 1103 1965 1153 ministros'‚
2004 1103 2112 1153 quod
2139 1113 2267 1144 sensu
2296 1106 2431 1154 caret,

183 1167 392 1221 ’pacisque
422 1168 691 1219 sequestrum’
721 1166 808 1219 legi
846 1169 1035 1219 oportere
1063 1166 1108 1209 in
1137 1168 1266 1219 ’sque’
1294 1166 1428 1210 literis
1458 1167 1619 1209 duabus
1646 1167 1823 1221 syllabis
1851 1167 2045 1221 amissis,
2085 1171 2202 1210 recte
2230 1168 2432 1220 probavit

179 1233 391 1276 Heinsius.
446 1234 640 1285 Manil.5,
659 1237 737 1274 184
757 1233 974 1275 exhibetur
993 1233 1222 1276 ’formidine
1239 1234 1412 1285 mortis’,
1435 1233 1544 1285 quod
1562 1245 1611 1276 eo
1629 1234 1720 1276 loco
1739 1234 1962 1276 absurdum
1990 1236 2080 1286 est;
2112 1232 2156 1275 id
2187 1231 2429 1276 mutandum

183 1312 274 1341 esse
302 1299 345 1339 in
377 1298 603 1338 'formidine
631 1298 807 1349 pinnae¹,
837 1299 1020 1338 ostendit
1046 1299 1331 1339 Marklandus.
1378 1299 1512 1354 Verg.
1529 1300 1580 1339 A.
1599 1303 1663 1351 10,
1686 1302 1765 1339 702
1795 1299 1846 1340 de
1875 1298 2088 1352 Mimante,
2117 1298 2189 1340 ubi
2207 1298 2433 1342 Beni-leina

180 1367 255 1419 pro
285 1364 433 1407 ’Parim
463 1366 591 1407 creat'
620 1364 934 1417 elegantissime
962 1364 1151 1407 restituit
1180 1365 1333 1406 ‘Parim
1361 1366 1511 1406 Paris’.
1560 1366 1683 1416 Apud
1710 1365 1947 1406 Martialem
1981 1369 2042 1416 12,
2073 1369 2122 1404 91
2146 1377 2222 1417 pro
2243 1362 2434 1406 ’victima

180 1431 316 1483 grata’
346 1442 470 1471 sensu
498 1429 759 1482 efflagitante
788 1429 1045 1471 scribendum
1084 1441 1176 1471 esse
1206 1430 1387 1471 ’victima
1427 1431 1592 1481 magna’
1621 1429 1915 1471 animadvertit
1942 1427 2243 1481 Marklandus,
2273 1430 2427 1472 etenim

180 1495 292 1546 prior
321 1495 486 1546 syllaba
515 1496 605 1534 ’ma’
635 1494 920 1544 praecedentev
940 1494 1134 1535 ‘victima’
1163 1494 1357 1536 lectionis
1397 1498 1582 1535 extrema
1609 1494 1775 1546 syllaba
1802 1494 2031 1536 intercidit.
2103 1493 2307 1537 Similiter
2333 1496 2425 1549 hoc,

180 1561 232 1603 de
261 1572 339 1612 quo
369 1560 639 1611 disputamus,
669 1560 760 1601 loco
789 1571 870 1602 vox
899 1559 1091 1601 ’laetitia'
1121 1560 1296 1601 'Latius'
1325 1560 1520 1614 lectionis
1550 1560 1699 1601 literas
1726 1560 1812 1602 fere
1841 1561 2006 1601 easdem
2033 1561 2297 1613 absorpsisse
2324 1563 2427 1604 1111111

179 1625 356 1668 videtur.
413 1625 616 1667 Numerus
646 1624 872 1677 singularis
901 1625 1144 1676 'Latiasque
1173 1637 1225 1667 ex
1253 1625 1397 1667 ordine
1425 1626 1559 1668 collis'
1588 1626 1729 1668 eodem
1770 1625 1888 1667 modo
1929 1625 2141 1668 adhibitus
2181 1630 2230 1669 ut
2256 1627 2299 1669 in
2328 1627 2424 1671 silv'.

184 1697 219 1743 1,
245 1697 279 1743 1,
303 1696 355 1731 64
376 1693 545 1741 ’septem
564 1704 640 1741 per
659 1691 840 1731 culmina
867 1691 1042 1731 montis'.
1100 1691 1230 1732 Collis
1260 1691 1434 1741 quisque
1463 1692 1656 1741 deinceps
1683 1691 1931 1742 confremat,
1961 1692 2097 1742 inquit
2127 1696 2264 1743 poeta.
2323 1693 2423 1734 Per-

179 1757 287 1802 solvi
316 1756 465 1800 librum
484 1757 518 1809 I,
539 1755 660 1801 venio
690 1756 745 1799 ad
774 1755 1007 1799 secundum.
1064 1755 1114 1798 In
1144 1760 1329 1798 extrema
1356 1756 1444 1799 fere
1474 1757 1668 1799 carminis
1690 1761 1711 1797 7
1732 1761 1851 1808 parte
1870 1771 1910 1799 v.
1935 1762 2008 1797 181
2042 1760 2279 1808 corruptela
2307 1773 2424 1809 repe-

178 1824 296 1875 ritur,
327 1834 432 1873 quae
460 1823 606 1862 mirum
636 1825 833 1873 quantum
851 1821 1031 1862 virorum
1060 1821 1273 1863 doctorum
1302 1821 1518 1864 divinandi
1546 1822 1686 1864 studia
1713 1822 1895 1864 vexavit.
1951 1822 2304 1866 Antecedeutibus
2333 1835 2425 1867 ver·

178 1890 306 1941 sibus,
322 1901 412 1929 cum
431 1889 511 1929 iam
531 1888 723 1928 laudibus
740 1888 908 1928 summis
928 1891 1170 1942 prosecutus
1192 1891 1306 1929 esset
1324 1888 1485 1929 Statius
1504 1888 1666 1929 Lucani
1684 1885 1916 1928 memoriam
1934 1887 2246 1939 addidissetque
2263 1889 2427 1932 Lucani

178 1957 359 1995 statuam
389 1952 442 1993 ad
472 1952 650 2004 effigiem
678 1952 810 2003 ipsius
841 1964 1089 2004 expressam,
1118 1965 1200 1994 non
1228 1952 1340 1993 falsa
1369 1952 1436 1993 dei
1465 1953 1644 1995 alicuius
1672 1954 1807 2004 figura
1834 1953 2020 1994 indutam
2049 1954 2200 1994 solatia
2221 1955 2424 2003 quaedam

176 2020 347 2070 afferre,
373 2021 596 2059 extremum
626 2028 791 2058 carmen
819 2016 977 2057 claudit
1004 2016 1084 2059 sic:

903 2115 1065 2156 ’Procul
1093 2114 1190 2157 hinc
1218 2115 1334 2157 abite
1360 2115 1559 2167 mortes&

638 2181 755 2222 Haec
783 2181 897 2222 vitae
925 2180 1179 2232 genitalis
1212 2185 1279 2222 est
1306 2181 1446 2232 origo'.

377 2281 441 2321 De
468 2291 544 2330 quo
574 2279 825 2320 emendando
856 2290 946 2319 cum
976 2278 1035 2320 sit
1061 2277 1172 2319 inter
1200 2279 1467 2321 doctissimos
1503 2292 1659 2321 summa
1696 2280 1924 2331 dissensio,
1954 2280 2117 2331 singula
2146 2292 2354 2333 quaeque,
2384 2282 2429 2324 si

176 2328 328 2398 placet,
358 2344 677 2386 consideremus.
734 2344 796 2385 Ac
824 2342 997 2395 primum
1026 2343 1187 2394 quidem
1216 2343 1344 2386 ’vitae
1372 2344 1583 2398 genitalis'
1609 2343 1778 2386 lectioni
1806 2344 1874 2385 hic
1901 2343 2032 2386 locum
2052 2344 2144 2387 dari
2171 2357 2253 2388 non
2280 2359 2424 2403 posse,

178 2412 360 2465 ’geniali'
388 2411 606 2463 legendum
638 2422 744 2462 esse,
777 2410 884 2461 quod
911 2420 1060 2451 sensus
1089 2409 1308 2464 efflagitet,
1338 2410 1421 2451 iam
1448 2414 1615 2452 veteres
1643 2410 1766 2451 medii
1796 2411 1903 2461 quod
1931 2410 2084 2452 dicitur
2111 2411 2206 2453 aevi
2225 2412 2425 2456 viderunt

176 2477 439 2528 interpretes,
469 2481 516 2518 ut
546 2488 692 2517 sensus
723 2475 802 2517 sit:
833 2476 913 2516 Hic
941 2476 1055 2516 vitae
1084 2476 1234 2515 beatae
1263 2480 1329 2516 est
1356 2476 1458 2516 fons.
1515 2477 1646 2527 Quam
1675 2477 1724 2515 ob
1753 2488 1837 2515 rem
1868 2487 1958 2515 cum
1987 2476 2284 2525 probabilitate
2310 2478 2423 2519 baud

175 2554 308 2594 parva
336 2542 379 2582 in
409 2553 498 2583 eam
529 2532 779 2582 sententiam
810 2539 945 2581 abibis
974 2539 1017 2580 in
1046 2551 1184 2592 versu,
1215 2539 1266 2581 (le
1295 2551 1374 2592 quo
1396 2541 1619 2592 quaeritur,
1650 2540 1875 2582 desiderari
1895 2551 2049 2592 vocem,
2079 2552 2184 2592 quae
2214 2541 2424 2594 significet

175 2608 232 2661 id,
264 2621 315 2650 ex
344 2620 423 2658 quo
453 2610 553 2658 apta
582 2619 675 2648 esse
704 2606 792 2647 vita
820 2607 946 2646 beata
976 2606 1137 2647 debeat.
1194 2606 1375 2647 Proinde
1403 2606 1490 2647 noli
1534 2607 1741 2657 dubitare,
1772 2618 1861 2646 cum
1891 2606 2120 2646 Stoicorum
2148 2607 2193 2647 1ιί
2222 2608 2426 2660 temporis

167 2673 300 2727 louge
329 2674 496 2724 lateque
525 2672 673 2714 flueret
700 2671 946 2724 disciplina,
989 2683 1157 2723 quorum
1188 2676 1346 2713 sectam
1375 2675 1500 2722 atque
1528 2672 1723 2713 instituta
1751 2676 1932 2712 secutum
1964 2684 2056 2712 esse
2085 2672 2299 2714 Lucanum
2328 2686 2422 2716 con·

176 2743 275 2791 stat,
306 2750 426 2790 quam
456 2738 498 2779 in
527 2737 651 2779 animi
694 2737 1047 2789 perturbationum
1075 2735 1297 2778 vacatione
1325 2737 1453 2779 vitam
1497 2737 1703 2789 ponebant
1741 2736 1903 2777 beatam
1947 2747 2037 2778 eam
2066 2736 2291 2780 restituere
2318 2751 2425 2782 voce

177 2805 347 2846 ’motus'.
404 2804 541 2844 Animi
571 2803 678 2843 enim
708 2802 939 2843 constantis
984 2806 1050 2844 est
1077 2813 1158 2843 non
1202 2802 1440 2853 perturbari
1479 2803 1522 2843 in
1551 2803 1672 2843 rebus
1701 2800 1860 2853 asperis
1902 2812 1979 2843 nec
2021 2802 2341 2846 tumultuantem
2369 2805 2422 2848 de

176 2870 311 2920 gradu
340 2869 461 2920 deici,
491 2873 539 2909 ut
567 2868 729 2909 dicitur.
790 2868 939 2908 Procul
968 2868 1064 2907 hinc
1083 2869 1199 2909 abite
1228 2868 1354 2909 animi
1382 2867 1726 2918 perturbationeS,
1756 2866 1893 2916 inquit
1911 2867 2084 2921 Statius,
2114 2869 2222 2919 quod
2243 2873 2313 2911 est
2330 2870 2422 2912 fun·

175 2934 408 2978 <lamentum
427 2934 541 2978 vitae
569 2934 730 2976 beatae.
791 2933 922 2985 Cedat
949 2931 1082 2985 igitur
1100 2937 1222 2976 atrox
1248 2934 1389 2976 luctus
1407 2932 1539 2985 dolori
1564 2932 1654 2973 miti
1673 2932 1871 2982 festoque.
1927 2932 2210 2977 Baehrensius
2230 2936 2421 2977 ‘moerae’

174 3012 315 3042 vocem
344 2999 585 3053 inculcavit,
614 3010 719 3051 quae
744 3011 771 3040 a
799 2999 944 3052 lingua
959 2998 1117 3052 Latina
1143 3002 1236 3058 tota
1264 3001 1332 3042 est
1358 2998 1509 3041 aliena.
1565 2996 1653 3038 Alii
1681 2996 1768 3047 alia
1794 2999 2063 3041 tentaverunt
2090 3010 2239 3043 sensus
2269 3011 2417 3052 parum

172 3066 320 3109 habita
345 3066 508 3108 ratione
535 3065 666 3108 veluti
693 3065 907 3117 Heinsius,
939 3064 1010 3115 qui
1038 3066 1178 3106 ’curae
1207 3094 1219 3106 .
1248 3096 1258 3106 .
1288 3094 1300 3106 .
1332 3094 1343 3105 .
1371 3063 1541 3104 inertes'
1569 3061 1760 3105 coniecit.

2157 3142 2202 3175 20
