2585 3531
375 889 422 930 P.
457 887 624 939 Papinii
656 886 781 929 Statii
809 886 1007 928 silvarum
1040 884 1168 926 libros
1197 887 1240 926 et
1266 896 1400 926 rerum
1430 883 1804 935 sententiarumque
1832 887 1875 925 et
1902 883 2225 935 corruptelarum
2251 884 2404 927 misera

175 954 414 998 condicione
444 954 572 995 nimia
600 953 779 1004 caligine
810 953 974 995 obfusos
988 985 997 1003 ,
1027 964 1117 993 cum
1146 951 1324 1001 quinque
1353 951 1503 992 abhinc
1531 962 1659 991 annos
1687 951 1872 992 desertos
1902 950 2162 1000 reliquissem
2176 983 2186 1002 ‚
2215 962 2296 991 non
2323 962 2401 1001 quo

175 1021 239 1063 rei
267 1019 493 1072 asperitate
523 1018 742 1060 deterritus
771 1019 896 1060 basta
923 1020 1117 1068 scutoque
1145 1017 1306 1059 abiecto
1334 1016 1538 1069 fugerem,
1567 1016 1640 1057 sed
1668 1016 1764 1066 quia
1792 1016 1899 1066 quod
1939 1016 2013 1057 otii
2055 1015 2273 1068 angustiae
2300 1019 2402 1058 tem·

173 1098 251 1138 pus
278 1085 428 1136 reliqui
456 1084 663 1135 fecerant,
702 1083 746 1125 id
775 1084 828 1125 ad
856 1083 963 1125 alias
991 1084 1167 1125 vocabat
1194 1081 1483 1134 occupationes
1496 1113 1507 1132 ,
1542 1081 1655 1123 facta
1682 1085 1889 1133 potestate
1920 1082 2052 1124 denuo
2082 1081 2181 1123 mihi
2208 1081 2402 1133 proposui

174 1152 430 1194 discutiendo
459 1151 648 1202 persequi
662 1183 672 1202 ,
701 1161 871 1201 sperans
899 1161 964 1191 me
981 1152 1121 1191 textus
1141 1148 1210 1200 qui
1230 1149 1381 1190 dicitur
1397 1146 1590 1190 'miserum
1619 1151 1772 1189 statum
1799 1148 1892 1199 plus
1917 1148 2043 1190 semel
2072 1148 2399 1190 sublevaturum.

173 1218 276 1259 Nam
305 1218 410 1268 quae
439 1229 543 1258 anno
575 1220 679 1258 1876
708 1216 914 1257 indicibus
943 1216 1239 1257 Teubnerianis
1269 1226 1420 1257 summo
1450 1215 1666 1256 verborum
1693 1214 1906 1264 praeconio
1940 1214 2125 1255 indicata
2152 1213 2400 1256 Baehrensii

172 1284 299 1327 editio
328 1283 503 1325 omnium
532 1282 862 1334 exspectationes
890 1281 1046 1324 diutius
1075 1294 1295 1333 suspensas
1323 1284 1533 1333 tenuerat,
1577 1280 1716 1322 eadem
1746 1280 1902 1331 publici
1943 1280 2045 1322 iuris
2073 1280 2187 1322 facta
2215 1280 2398 1324 virorum

173 1350 382 1391 doctorum
410 1348 591 1390 iudiciis·
605 1349 708 1389 adeo
736 1360 815 1389 non
845 1351 911 1389 est
929 1349 1114 1398 probata,
1145 1351 1192 1388 ιιι
1219 1347 1261 1388 in
1290 1359 1536 1388 communem
1565 1346 1743 1387 omnium
1772 1346 2000 1388 incurreret
2027 1346 2399 1398 reprehensionem.

172 1416 339 1457 Etenim
366 1415 609 1456 videbantur
637 1413 889 1455 Baehrensio
930 1413 1055 1454 Statii
1084 1413 1217 1454 silvae
1257 1425 1348 1454 esse
1376 1424 1543 1463 campus
1558 1444 1568 1463 ‚
1597 1412 1640 1452 in
1670 1424 1747 1462 quo
1783 1412 1991 1453 exsultare
2018 1416 2158 1463 posset
2186 1411 2401 1455 divinandi

171 1480 350 1523 studium
378 1484 501 1531 atque
523 1480 744 1532 ingenium.
802 1480 937 1532 Quare
965 1490 1055 1520 cum
1083 1479 1126 1520 in
1154 1482 1245 1520 arte
1264 1478 1409 1520 critica
1437 1478 1667 1520 exercenda
1696 1479 1838 1520 devius
1860 1478 2096 1530 plerumque
2125 1491 2174 1521 ac
2193 1491 2394 1531 praeceps

168 1547 359 1596 ferretur,
388 1547 551 1597 proprio
580 1546 699 1587 nimis
728 1546 948 1597 indulgens
976 1545 1155 1596 ingenio,
1186 1545 1293 1595 quod
1322 1548 1534 1595 peecatum
1564 1544 1808 1585 difficillime
1837 1548 2124 1596 praecavetur,
2156 1550 2280 1595 atque
2311 1556 2394 1586 non

169 1612 286 1652 modo
316 1611 543 1652 sententias
573 1611 757 1663 integras
772 1610 1062 1652 audacissimis
1091 1610 1339 1651 coniecturis
1359 1610 1669 1661 contaminaret,
1701 1609 2000 1652 contaminatas
2028 1610 2070 1651 in
2111 1614 2266 1652 textum
2294 1610 2398 1653 reci-

168 1681 300 1727 peret,
329 1677 402 1717 sed
430 1678 556 1717 etiam
585 1677 627 1716 in
656 1677 899 1727 corruptelis
928 1677 1122 1717 tollendis
1154 1676 1371 1717 divinando
1392 1676 1628 1726 plerumque
1657 1680 1809 1726 rueret,
1839 1681 1936 1725 quot
1965 1680 2008 1716 et
2027 1680 2202 1725 quantas
2230 1676 2274 1717 in
2295 1676 2397 1717 divi·

167 1742 302 1784 nando
331 1742 509 1784 ediderit
535 1741 688 1793 ruinas,
718 1746 764 1784 ut
784 1742 954 1792 quisque
982 1742 1035 1783 ad
1054 1742 1179 1783 Statii
1208 1741 1390 1782 carmina
1418 1742 1595 1782 studium
1614 1742 1921 1791 doctrinamque
1950 1743 2123 1782 maxime
2152 1742 2391 1793 contulerit,

169 1807 231 1848 ita
259 1807 421 1849 minime
449 1807 634 1860 negabit.
711 1807 865 1860 Quovis
899 1807 1082 1859 profecto
1122 1819 1241 1858 quam
1279 1807 1361 1849 isto
1402 1807 1516 1848 modo
1558 1819 1585 1848 a
1613 1807 1702 1849 viro
1747 1807 1866 1849 docto
1896 1807 1967 1859 agi
2007 1807 2240 1849 voluissem.
2307 1808 2400 1849 Non

168 1873 277 1913 enim
305 1884 466 1923 possum
498 1873 595 1922 quin
623 1874 856 1925 exclamem,
886 1878 933 1913 ut
960 1874 1021 1913 ait
1048 1873 1122 1913 ille
1150 1873 1193 1912 in
1222 1873 1466 1913 Trinummo.

365 1939 448 1980 Res
476 1939 605 1990 igitur
633 1944 758 1988 atque
787 1939 970 1980 condicio
1000 1939 1196 1980 silvarum
1225 1942 1364 1980 textus
1392 1938 1461 1990 qui
1480 1939 1634 1980 dieitur
1658 1939 1787 1980 adhuc
1816 1939 1953 1980 eodem
1981 1939 2069 1981 fere
2099 1944 2166 1981 est
2194 1939 2291 1991 loci,
2322 1940 2393 1982 ubi

168 2017 204 2045 a.
230 2008 332 2045 1728
371 2005 541 2055 reliquit
581 2006 873 2056 Marklandus‚
919 2006 1191 2057 investigator
1234 2006 1308 2047 ille
1337 2017 1426 2046 cum
1455 2005 1718 2047 acutissimus
1750 2009 1834 2046 tum
1884 2005 2229 2057 diligentissimus
2259 2005 2399 2058 Statii,

169 2070 284 2110 cuius
303 2083 380 2121 ego
409 2066 603 2111 iudicium
627 2072 887 2121 Baehrens-io,
917 2084 1019 2121 pace
1047 2072 1165 2113 huius
1195 2072 1275 2113 viri
1295 2072 1476 2121 dixerim,
1507 2072 1628 2121 longe
1659 2075 1872 2121 antepono.
1932 2072 2060 2121 Atqui
2090 2072 2218 2112 Statii
2246 2077 2395 2122 poetae

167 2135 350 2175 carmina
379 2136 575 2177 silvarum
603 2136 783 2176 naturali
813 2137 997 2187 quodam,
1028 2148 1107 2177 non
1134 2136 1274 2177 fucato
1304 2136 1441 2177 colore
1470 2141 1616 2176 ornata
1644 2136 1771 2188 digna
1801 2139 1917 2189 sunt,
1947 2137 2096 2188 quibus
2127 2137 2284 2179 iterata
2313 2137 2397 2179 edi-

166 2202 277 2242 tione
305 2203 580 2243 severioribus
609 2203 713 2243 artis
742 2203 912 2243 criticae
942 2203 1102 2253 legibus
1131 2203 1308 2243 astricta
1341 2202 1534 2252 splendor
1570 2203 1642 2242 ille
1671 2214 1720 2242 ac
1749 2202 1910 2252 species
1940 2203 2120 2253 pristina
2150 2203 2394 2254 carminum,

165 2265 287 2317 quam
314 2266 533 2318 amisimus,
563 2267 818 2309 restituatur.
890 2267 992 2309 Nam
1019 2272 1065 2310 ut
1092 2271 1302 2319 poetarum
1330 2267 1567 2309 Latinorum
1604 2271 1723 2309 tanta
1751 2268 1809 2310 sit
1851 2268 2073 2311 multitudo
2115 2273 2316 2319 tantaque
2346 2269 2390 2310 in

166 2343 241 2372 suo
270 2333 464 2382 cuiusque
492 2344 642 2385 genere
673 2334 789 2384 laus,
834 2337 880 2373 ut
909 2345 998 2373 cum
1027 2345 1181 2374 summa
1222 2332 1467 2374 admiremur
1495 2332 1693 2374 inferiora
1720 2336 1864 2377 tamen
1894 2335 2135 2388 probemus,
2181 2338 2319 2378 tamen
2346 2346 2398 2378 ne

169 2398 295 2438 Statii
325 2400 487 2448 quidem
517 2400 655 2449 poesin
684 2400 770 2439 ulla
798 2411 975 2449 unquam
1004 2402 1147 2440 obruet
1173 2403 1362 2440 vetustas
1391 2403 1464 2439 aut
1495 2399 1651 2439 delebit
1680 2400 1851 2452 oblivio,
1882 2401 1976 2441 dum
2005 2401 2155 2442 literae
2182 2402 2399 2451 loquentur

165 2461 353 2505 Latinae.
413 2464 664 2517 Quamquam
691 2464 841 2507 nimiae
870 2478 949 2507 non
979 2471 1043 2507 est
1072 2464 1332 2506 admirationi
1361 2477 1443 2506 una
1472 2466 1605 2515 arbor,
1636 2466 1705 2506 ubi
1734 2467 1777 2507 in
1822 2468 1991 2508 eandem
2023 2468 2282 2508 altitudinem
2309 2470 2398 2507 tota

165 2527 276 2567 silva
302 2530 491 2570 surrexit.
547 2531 608 2570 Ac
637 2533 749 2572 certe
770 2530 930 2581 quidem
958 2541 1047 2571 cum
1067 2530 1120 2571 ad
1148 2529 1359 2580 pellendos
1389 2529 1543 2572 animos
1571 2531 1739 2573 multum
1760 2532 1933 2584 valeret,
1963 2536 2127 2583 praeter
2146 2531 2392 2583 Martialem,

165 2592 236 2640 qui
264 2593 446 2634 eiusdem
476 2596 670 2646 temporis
701 2603 813 2647 erat,
843 2597 952 2636 haud
979 2596 1064 2636 scio
1093 2607 1146 2635 an
1175 2595 1384 2646 elegantia
1425 2607 1564 2646 parem
1606 2597 1800 2639 habuerit
1846 2597 2061 2642 nemiuem.
2132 2597 2238 2650 Quin
2267 2596 2392 2638 etiam

165 2657 246 2699 etsi
275 2658 439 2709 utrique
469 2661 632 2714 primas,
665 2662 821 2713 priores
850 2666 986 2704 tamen
1014 2661 1227 2703 deferebat
1254 2662 1486 2712 aequalium
1516 2675 1738 2706 consensus
1769 2665 1915 2715 Stati0‚
1947 2677 2035 2705 cum
2069 2664 2276 2706 suavitate
2305 2662 2390 2704 ani·

164 2735 250 2764 mos
280 2724 539 2775 perfunderet
566 2729 718 2770 maiore
739 2729 954 2779 verbisque
983 2727 1139 2768 ornatis
1159 2728 1348 2769 volveret
1366 2729 1581 2781 elegantes
1610 2730 1855 2782 sententias,
1887 2742 2129 2781 quamquam
2155 2741 2254 2782 puro
2285 2727 2390 2770 fonti

164 2791 330 2840 propior
358 2804 479 2841 quam
506 2793 661 2836 flumini
692 2809 845 2847 magno.
915 2796 996 2837 Sed
1024 2799 1070 2835 ut
1108 2794 1190 2835 iam
1220 2796 1327 2844 quod
1369 2796 1532 2847 egimus
1564 2797 1748 2837 ostiatim
1792 2798 2000 2837 mittamus
2029 2802 2072 2837 et
2102 2796 2311 2838 veniamus
2339 2795 2394 2835 ad

163 2854 207 2895 id
235 2856 342 2905 quod
370 2857 451 2898 iam
479 2870 553 2900 nos
573 2860 722 2902 dudum
751 2862 803 2903 ad
832 2874 877 2903 se
907 2865 1040 2911 vocat,
1069 2859 1111 2900 in
1132 2860 1266 2901 animo
1295 2864 1373 2913 est,
1404 2873 1509 2912 quae
1538 2864 1642 2904 artis
1672 2862 1842 2904 criticae
1863 2862 2077 2903 Statianae
2098 2865 2239 2912 partes
2259 2860 2393 2902 adhuc

163 2931 191 2959 a
220 2922 321 2963 viris
350 2923 484 2964 doctis
507 2930 610 2976 ‘suut
642 2928 835 2980 relictae,
881 2940 951 2969 eas
996 2927 1160 2976 explere
1199 2927 1324 2968 nullis
1366 2928 1626 2970 adminiculis
1668 2929 1764 2981 sed,
1807 2932 1854 2969 nt
1895 2927 2035 2980 aiunt,
2065 2928 2199 2969 Marte
2238 2930 2393 2978 nostro,

163 2996 216 3025 ne
236 2991 331 3027 acta
350 3001 473 3039 agere
492 2990 717 3043 videamur,
751 2995 856 3043 quod
874 2999 1058 3035 vetamur
1076 2996 1217 3033 vetere
1238 2994 1464 3042 proverbio.
1525 2995 1650 3035 Cuius
1670 2994 1960 3044 disputationis
1985 2993 2094 3034 viam
2123 3004 2173 3034 ac
2190 2992 2393 3033 rationem

162 3049 226 3090 ita
252 3050 525 3106 instituemus,
557 3060 604 3097 ut
631 3057 668 3098 si
690 3070 856 3108 quorum
876 3070 1066 3100 versuum
1086 3061 1316 3109 corruptam
1335 3059 1536 3100 rationem
1564 3060 1736 3100 nondum
1759 3059 1941 3109 quisqam
1961 3070 2135 3108 unquam
2154 3056 2392 3110 dispexerit,

2129 3135 2148 3168 1
