2585 3531
1107 226 1441 298 '-·.1t-

447 411 451 415 .
522 379 616 419 100.
1238 373 1395 417 vicisti
1424 372 1583 427 gaudia
1608 382 1762 416 curae

648 442 786 495 Ipsius
814 441 943 484 effuso
971 441 1066 486 dum
1093 443 1263 493 pectore
1290 443 1422 492 prona
1448 442 1640 483 matos

649 510 757 550 Ante
784 508 911 560 pedes
939 507 1062 554 avide
1090 506 1254 548 domiui
1262 510 1367 547 tam
1376 515 1530 557 magna
1555 504 1778 547 merentis*

648 572 866 615 Volveris.’

382 685 464 726 Pro
494 684 727 733 ’merentis’‚
757 682 864 732 quod
884 680 1050 723 verbum
1072 680 1334 730 corruptelae
1362 679 1541 731 speciem
1569 691 1672 731 prae
1689 692 1738 721 se
1764 679 1861 731 fert,
1890 691 1981 721 cum
2008 689 2173 720 sensum
2199 689 2282 719 non
2309 690 2426 730 prae-

181 752 294 802 beat,
325 751 416 792 sine
444 750 570 791 dubio
599 751 665 790 est
691 747 911 799 legendnm
940 746 1204 797 ‘px-ementis&
1260 745 1460 787 Dominus
1501 749 1587 787 tam
1614 756 1768 798 magna
1804 755 1994 796 premens
2023 743 2244 786 secundum
2272 743 2425 786 Statia-

150 837 154 840 ·
182 827 278 857 num
307 815 470 857 dicendi
497 826 648 855 morem
676 812 780 854 nihil
811 812 928 852 aliud
957 811 1166 863 significat
1185 822 1330 861 quam:
1367 810 1567 852 Dominus
1596 814 1740 852 tantus
1768 810 2005 862 imperator.
2061 808 2281 852 Premendi
2307 809 2428 852 verbi

181 882 308 932 notio,
340 891 581 931 quamquam
611 877 800 928 exempla
828 879 926 918 sunt
953 876 1135 926 aliquam
1163 876 1307 926 multa,
1339 875 1492 926 optime
1520 875 1702 917 elucebit
1729 887 1782 917 ex
1796 875 1988 926 1113‚49
2023 885 2125 924 sqq„
2145 873 2216 914 ubi
2246 873 2423 925 legitur:

182 946 297 993 {Viee
327 948 475 987 cuncta
501 947 703 994 reguntur
731 941 1000 991 Alternisque
1028 945 1242 993 premunt;
1272 941 1449 992 propriis
1478 942 1555 983 sub
1583 940 1754 993 regibus
1793 940 1924 981 omnis
1952 940 2114 990 Τοπικ-
2147 938 2297 990 premit
2322 938 2427 981 felix

180 1023 323 1063 regum
343 1011 579 1052 diademata
596 1009 741 1049 Roma.
797 1007 919 1048 Hanc
939 1007 1110 1048 ducibus
1138 1006 1304 1048 frenare
1325 1007 1486 1059 datum;
1513 1018 1608 1048 mox
1626 1006 1780 1048 crescit
1808 1006 1852 1046 in
1880 1006 1978 1046 illos
1996 1003 2217 1056 Imperium
2236 1004 2423 1056 superis’.

381 1064 442 1117 Ac
470 1088 522 1117 ne
552 1075 658 1116 illud
688 1073 873 1124 quidem,
905 1074 1012 1123 quod
1040 1085 1171 1124 paene
1200 1072 1425 1125 praeterii,
1454 1072 1764 1124 relinquendum
1793 1072 1971 1122 videtur,
2003 1069 2112 1120 quod
2131 1071 2257 1111 verbo
2285 1074 2422 1112 trans-

179 1144 242 1196 igi
270 1146 408 1195 potest
436 1142 479 1183 in
507 1154 547 1184 v.
572 1144 621 1181 56
653 1152 742 1191 sqq.
762 1139 983 1182 lectionem
1013 1139 1171 1190 ’proavi
1200 1140 1287 1181 seu'
1307 1139 1553 1193 *mutandam
1582 1151 1674 1182 esse
1704 1138 1748 1180 in
1768 1138 1949 1191 'proavis
1969 1145 2047 1192 ex’,
2077 1147 2240 1178 versum
2265 1135 2376 1179 dico:

641 1261 897 1303 'Laudantur
923 1261 1126 1311 proavis
1156 1273 1211 1301 ex
1240 1261 1438 1311 pulchrae
1466 1273 1631 1302 munere
1659 1261 1814 1303 formae

641 1328 756 1380 Quae
785 1338 938 1367 morum
967 1337 1139 1367 caruere
1168 1325 1312 1366 bonis'.

374 1450 490 1502 Quae
519 1448 757 1490 coniectura
788 1451 831 1488 et
859 1447 975 1488 vocis
1005 1447 1059 1486 ad
1087 1446 1251 1486 literam
1287 1446 1528 1487 immutatae
1572 1449 1876 1489 commendatur
1906 1450 2177 1494 similitudine
2206 1457 2249 1494 et
2277 1465 2426 1496 sensus

176 1515 426 1556 condicione.
486 1514 602 1566 Quod
629 1513 825 1554 Heinsius
867 1516 910 1553 et
943 1511 1176 1553 Politianus
1217 1512 1483 1553 coniecerunt
1524 1513 1622 1552 'aut’
1652 1513 1720 1555 vel
1750 1514 1831 1565 ’et'‚
1860 1514 1905 1555 id
1944 1519 2008 1556 est
2048 1518 2177 1558 verba
2215 1517 2423 1571 infercire,

173 1585 221 1622 ut
247 1581 376 1625 rimae
406 1580 662 1630 expleantur,
692 1582 858 1629 praeter
878 1589 998 1627 quam
1020 1577 1128 1627 quod
1157 1588 1208 1617 ne
1238 1577 1376 1618 sensui
1397 1576 1559 1627 quidem
1589 1578 1697 1618 omni
1727 1590 1778 1619 ex
1797 1583 1916 1630 parte
1945 1580 2168 1623 sufficiunt.
2225 1583 2264 1623 V
2287 1587 2322 1635 1,
2347 1587 2422 1624 186

174 1646 264 1687 cod.
294 1646 411 1687 Vrat.
441 1657 621 1687 summae
649 1644 745 1684 fidei
775 1648 899 1694 atque
929 1642 1194 1683 auctoritatis
1221 1643 1419 1694 vestigia
1445 1642 1564 1684 nobis
1593 1643 1779 1685 indicare
1808 1645 1999 1698 videtur,
2030 1647 2180 1697 quibus
2208 1648 2421 1702 insistens,

173 1716 330 1753 rectam
359 1711 661 1763 genuinamque
690 1713 838 1760 poetae
865 1709 1108 1760 lectionem,
1139 1709 1271 1759 quoad
1300 1709 1387 1750 eius
1414 1708 1505 1750 fieri
1534 1712 1684 1762 potest,
1713 1711 1938 1753 restituere
1965 1713 2111 1763 possis.
2168 1715 2227 1756 Ut
2255 1726 2422 1757 causam

174 1768 294 1827 quasi
322 1789 398 1828 per
426 1781 693 1818 transennam
725 1775 903 1816 strictim
934 1787 1120 1826 agamus,
1150 1775 1277 1816 verba
1306 1778 1404 1816 sunt
1431 1774 1558 1816 haec:

638 1897 738 1936 'Non
768 1896 811 1936 in
841 1900 883 1935 te
912 1895 1027 1946 fatis,
1056 1908 1137 1936 non
1166 1895 1248 1935 iam
1278 1895 1533 1937 caelestibus
1563 1896 1661 1936 ullis

635 1960 875 2012 Arbitrium,
905 1972 1060 2002 meeum
1088 1961 1169 2002 ista
1198 1960 1307 2012 fer03
1339 1960 1457 2003 cum*
1486 1960 1619 2002 limite
1650 1965 1792 2014 coepto

635 2029 776 2070 'rende
805 2028 939 2068 libens
967 2039 1209 2077 sacrumque
1239 2028 1351 2069 latus
1380 2027 1625 2079 geniumque
1662 2032 1873 2079 potentem

633 2092 893 2143 inrequietus
923 2093 1040 2133 ama’.

369 2214 616 2256 Consolatur
642 2213 840 2255 Priscilla
867 2214 1067 2253 moritura
1095 2212 1307 2264 coniugem
1336 2212 1477 2254 dolore
1507 2225 1639 2264 paene
1674 2214 1948 2255 exanimatum
1990 2216 2314 2267 exhortaturque
2329 2250 2339 2268 ‚
2370 2222 2417 2259 ut

170 2290 290 2330 quam
319 2291 459 2321 curam
487 2278 829 2331 diligentiamque
873 2278 1007 2319 adhuc
1046 2277 1308 2330 praestiterit
1329 2272 1566 2320 Domitiano
1595 2278 1856 2331 imperatori,
1888 2280 2060 2322 eandem
2087 2281 2298 2324 beneficiis
2320 2282 2421 2325 obli-

171 2349 296 2397 gatus
325 2348 372 2386 ut
400 2349 541 2386 servet
569 2345 613 2385 in
641 2347 860 2395 posterum.

302 2458 305 2461 ,
368 2411 469 2451 Cum
500 2414 664 2461 aetate,
703 2409 862 2461 inquit,
902 2410 1031 2450 multo
1061 2409 1137 2450 sim
1166 2409 1425 2461 provectior,
1465 2421 1542 2460 par
1570 2413 1637 2451 est
1664 2422 1728 2451 me
1758 2410 1960 2452 decedere
1987 2411 2176 2461 priorem.
2234 2412 2419 2454 Nondum

167 2475 247 2517 tibi
275 2475 570 2527 impendebunt
598 2473 699 2526 fata,
732 2486 834 2525 qnae
864 2486 928 2515 me
958 2473 1178 2526 abripiunt.
1237 2474 1368 2528 Quam
1412 2474 1536 2516 debes
1577 2474 1817 2526 imperatori
1862 2475 2065 2528 gratiam,
2110 2489 2199 2518 eam
2240 2478 2420 2522 libenter

167 2542 359 2593 repende.
419 2541 516 2582 Cod.
546 2540 663 2581 Vrat.
696 2540 886 2591 quoniam
930 2540 1097 2581 exhibet
1138 2540 1356 2583 lectionem
1399 2542 1529 2593 'cum’,
1560 2541 1677 2582 codd.
1706 2541 1948 2593 interpolati
1989 2543 2071 2594 ’tu',
2103 2555 2209 2594 quae
2252 2543 2421 2586 videtur

168 2608 408 2649 coniectura
436 2611 530 2648 orta
561 2619 651 2648 esse
681 2607 820 2657 lecti0,
851 2618 874 2647 e
903 2606 992 2651 cod.
1021 2606 1137 2647 Vrat.
1168 2607 1348 2649 lectione
1376 2607 1553 2658 tradita,
1585 2608 1652 2648 cui
1681 2608 1812 2648 maior
1840 2613 1904 2648 est
1932 2609 2122 2650 habenda
2149 2609 2276 2660 fides,
2306 2610 2420 2651 salus

167 2673 428 2724 corruptelae
458 2677 523 2713 est
553 2671 805 2723 quaerenda.
864 2671 961 2712 Sine
992 2671 1114 2712 dubio
1143 2676 1268 2723 poeta
1296 2684 1369 2724 pro
1400 2674 1516 2715 ’cum’
1547 2672 1717 2725 scripsit
1747 2672 1885 2724 'quin',
1915 2673 2037 2724 idque
2064 2686 2154 2715 cum
2183 2674 2421 2717 coniectura

165 2739 381 2788 probabile
425 2741 490 2779 est
532 2741 617 2778 tum
659 2737 784 2779 etiam
830 2736 995 2778 dicendi
1025 2737 1321 2779 consuetudine
1350 2738 1679 2790 commendatur3
1724 2738 1873 2779 etenim
1913 2751 1994 2780 vox
2024 2738 2147 2789 ’quin’
2177 2738 2343 2791 proprie
2373 2738 2418 2781 in

166 2803 417 2846 cohortando
459 2804 627 2855 ponitur
655 2807 702 2846 ut
730 2804 783 2845 ab
813 2803 911 2845 aliis
955 2803 1018 2844 ita
1047 2815 1073 2844 a
1102 2802 1298 2845 Cicerone
1326 2803 1459 2846 veluti
1500 2816 1574 2855 pro
1613 2804 1767 2846 Milone
1797 2808 1848 2844 29
1880 2805 1990 2855 'quin
2034 2805 2096 2846 sic
2125 2804 2331 2846 attendite
2358 2805 2419 2848 iu-

163 2868 312 2912 dices!‘
371 2870 564 2921 Pompon.
596 2882 661 2922 ap
692 2870 794 2910 Non.
825 2882 861 2921 p.
899 2872 987 2921 154,
1019 2872 1070 2910 25
1102 2869 1214 2920 ’quin
1242 2870 1348 2911 bono
1377 2869 1511 2911 animo
1541 2871 1613 2912 es’.
1669 2870 1762 2924 Qua
1791 2870 1842 2912 de
1870 2883 1916 2912 re
1944 2870 1998 2912 cf
2028 2871 2109 2912 lex.
2140 2870 2279 2912 Klotz.
2337 2870 2419 2913 Sed

164 2936 267 2977 haec
296 2936 510 2987 hactenus,
540 2946 592 2977 ne
621 2935 767 2977 videar
794 2948 892 2988 περι
919 2932 1046 2988 μικρὰ
1074 2933 1330 2981 σπουδάζειν.

363 3000 411 3041 V.
431 3004 510 3042 205
530 3001 633 3042 dicit
663 3004 785 3052 poeta
803 3002 1086 3042 Abascantum
1106 3012 1269 3042 manum
1289 3000 1370 3042 sibi
1398 3000 1610 3043 illaturum
1629 2969 1771 3053 fuisse,
1792 3001 1875 3044 nisi
1902 3000 2144 3054 imperatori
2166 2978 2252 3043 tam
2280 3000 2416 3044 fidelis

164 3070 287 3106 esset.
345 3066 461 3117 Quae
490 3066 701 3107 sententia
730 3077 757 3106 a
784 3070 912 3116 poeta
946 3066 1173 3116 profertur·
1185 3066 1268 3107 sic:
