2585 3531
179 391 253 421 eos
281 377 453 429 primum
480 376 727 428 disputando
756 387 1061 427 persequamur,
1092 375 1239 417 deinde
1268 376 1523 427 corruptelas
1552 376 1744 428 cognitas
1772 376 1869 419 illas
1898 379 2061 429 quidem
2089 390 2114 419 a
2132 378 2235 421 viris
2264 380 2415 433 doctis,

176 448 226 487 at
253 457 324 487 eas
353 447 490 485 tamen
518 442 694 484 noudum
723 453 815 484 cum
842 442 1026 484 radicum
1055 442 1169 484 fibris
1199 442 1397 494 sublatas,
1426 446 1474 483 ut
1502 444 1553 485 de
1582 443 1728 494 quibus
1752 445 1832 485 sub
1868 445 2006 488 iudice
2033 447 2087 488 lis
2115 446 2184 498 sit,
2218 449 2413 497 quantum

177 511 221 552 in
248 509 366 551 uobis
396 508 494 560 erit,
523 507 745 549 divinando
776 509 1050 550 sublevemus.
1125 510 1257 558 Atque
1285 511 1333 548 ut
1362 507 1444 549 iam
1475 509 1707 550 institutam
1737 509 1939 552 rationem
1982 523 2272 562 persequamur
2299 512 2412 563 peni·

180 580 331 626 tusque
358 575 399 615 in
439 573 625 615 intimam
653 573 973 625 disputationem
1002 574 1311 625 perveniamus,
1351 574 1445 614 inde
1474 575 1545 614 al.
1566 575 1604 614 V
1621 575 1718 615 vela
1747 576 1844 616 dato
1888 577 2128 627 disputatio.
2199 579 2415 629 Leguutur

181 641 241 683 ibi
283 641 453 692 eclogae
480 639 514 691 Ι,
545 651 649 690 quae
692 639 837 691 ecloga
878 639 978 680 mihi
1021 652 1119 690 prae
1163 640 1314 681 ceteris
1357 640 1520 680 videtur
1559 651 1649 681 esse
1691 647 1911 693 corrupta,
1952 654 2098 684 versus
2144 647 2222 683 222
2252 648 2295 685 et
2322 655 2412 694 sqq.

179 708 307 758 vulgo
336 706 419 748 sic:

644 771 737 812 ’Est
764 771 879 813 locus
909 775 1005 812 aute
1035 772 1188 822 urbem,
1217 771 1300 822 'qua
1330 772 1500 822 primum
1528 773 1713 814 nascitur
1739 773 1887 824 ingens

644 837 781 888 Appia
818 847 974 887 quaque
1003 836 1111 877 Italo
1140 837 1319 889 gemitus
1348 838 1520 878 Almone
1549 839 1711 890 Cybebe

646 903 771 943 Ponit
811 907 853 943 et
893 902 1039 942 Idaeos
1077 903 1156 942 iam
1196 915 1276 943 non
1312 904 1587 944 reminiscitur
1625 904 1779 945 amnis:

514 971 604 1011 225.
639 967 719 1010 Hic
746 970 789 1009 te
819 966 983 1009 Sidonio
1012 967 1192 1010 velatam
1222 968 1401 1010 molliter
1429 973 1540 1011 ostro

641 1034 826 1074 Eximius
856 1034 1043 1084 coniunx,
1078 1057 1122 1063 —
1156 1046 1231 1074 nec
1262 1035 1368 1075 enim
1397 1036 1596 1077 fumantia
1624 1038 1746 1077 busta

645 1101 948 1150 Clamoremque
976 1100 1068 1151 rogi
1097 1101 1232 1150 potuit
1250 1101 1431 1151 perferre
1463 1126 1512 1131 —
1543 1104 1664 1143 beato

642 1165 903 1217 Composuit.
932 1165 1147 1217 Priscilla,
1178 1165 1305 1206 toro*.
1363 1167 1432 1207 Nil
1472 1168 1637 1218 longior
1676 1172 1793 1209 aetas

640 1233 846 1283 Carpere,
886 1231 945 1271 nil
973 1231 1067 1272 aevi
1095 1236 1288 1282 poterunt
1316 1232 1469 1273 vitiare
1505 1233 1669 1274 labores

513 1302 606 1338 230.
641 1298 847 1338 Siccatam
888 1297 1102 1338 membris:
1160 1302 1301 1338 tantas
1339 1300 1577 1339 venerabile
1611 1312 1786 1339 marmor

642 1362 784 1415 Spirat
814 1374 924 1415 opes.
980 1362 1076 1404 Mox
1104 1361 1147 1404 iu
1176 1362 1316 1405 varias
1346 1367 1504 1406 mutata
1533 1364 1698 1406 nouaris

641 1430 840 1481 Effigies:
890 1430 965 1469 hoc
995 1441 1090 1469 aere
1120 1430 1269 1480 Ceres,
1305 1430 1381 1470 hoc
1409 1431 1546 1470 lucida
1579 1431 1735 1482 Cnosis,

643 1496 722 1535 Illo
752 1495 864 1535 Maia
892 1495 999 1534 tholo
1013 1496 1045 1544 ⁴¹,
1073 1495 1214 1535 Venus
1243 1496 1320 1534 hoc
1348 1508 1427 1534 non
1456 1496 1638 1544 improba
1667 1501 1794 1536 saxo.’

377 1571 650 1622 Prosequitur
678 1570 835 1612 Statius
863 1571 939 1611 hoc
968 1569 1153 1620 epicedio
1184 1571 1238 1610 ad
1281 1571 1471 1611 honorem
1505 1572 1715 1612 Antistiae
1754 1572 1999 1623 Priscillae,
2029 1572 2248 1613 defunctae
2277 1573 2416 1613 uxoris

178 1638 430 1689 Abascanti,
461 1637 709 1688 composito,
740 1648 817 1686 quo
856 1640 946 1677 erat
981 1647 1096 1676 nemo
1135 1636 1387 1685 temporibus
1426 1636 1512 1676 illis
1547 1637 1793 1678 auctoritate
1840 1638 2032 1689 gravior,
2074 1637 2239 1678 summis
2281 1637 2412 1678 laudi-

174 1706 254 1747 bus
282 1705 329 1745 Τ.
359 1703 552 1745 Flavium
581 1704 871 1753 Abascautum,
902 1702 946 1742 Τ.
967 1701 1109 1743 Flavii
1137 1703 1246 1752 Aug.
1276 1701 1481 1752 libertum,
1512 1715 1638 1752 penes
1669 1715 1785 1752 quem
1813 1704 1855 1744 id
1885 1703 2081 1753 temporis
2110 1715 2211 1743 cura
2240 1707 2332 1744 erat
2362 1704 2414 1743 ab

177 1770 384 1823 epistulis,
413 1769 531 1811 cuius
560 1768 739 1809 muueris
768 1767 873 1808 ratio
903 1779 1063 1819 semper
1091 1767 1279 1808 omnibus
1309 1768 1474 1808 maximi
1504 1768 1736 1810 videbatur.
1805 1769 1922 1821 Quod
1952 1781 2077 1819 quare
2118 1769 2290 1819 fecerit,
2329 1769 2419 1819 ipse

175 1836 337 1879 iudicat
364 1836 523 1877 Statius
551 1835 593 1875 iu
623 1846 686 1885 ep.
716 1834 769 1874 ad
797 1834 1075 1874 Abascautum
1104 1833 1245 1874 missa.
1317 1833 1444 1883 ’Nam,
1474 1834 1619 1885 inquit,
1651 1834 1721 1884 qui
1748 1835 1856 1875 bona
1872 1834 1951 1875 fide
1982 1834 2079 1875 deos
2109 1838 2182 1882 (sc.
2200 1834 2419 1885 imperato-

177 1907 278 1951 rem)
308 1902 432 1952 colit‚
474 1904 586 1941 amat
615 1903 658 1940 et
686 1900 947 1940 sacerdotes.⁷
1019 1900 1115 1939 Jam
1158 1899 1374 1940 occasione
1404 1900 1516 1939 facta
1561 1900 1760 1940 describit
1802 1900 1983 1949 speciem
2013 1912 2062 1940 ac
2092 1911 2302 1950 pompam,
2334 1911 2415 1949 qua

177 1967 322 2009 uxorio
365 1966 500 2007 funeri
540 1965 652 2006 iusta
693 1965 874 2006 solverat
902 1966 1164 2008 Abascautus
1193 1969 1287 2016 post
1315 1966 1428 2006 vitae
1458 1966 1681 2006 discessum
1712 1966 1960 2015 Priscillae,
1992 1978 2097 2015 quae
2127 1977 2217 2006 cum
2249 1966 2417 2016 generis

175 2033 397 2075 nobilitate
424 2031 604 2080 floreret,
634 2034 720 2071 tum
749 2042 839 2071 sese
869 2030 1085 2080 splendore
1115 2034 1157 2071 et
1186 2030 1312 2070 animi
1341 2035 1384 2071 et
1410 2030 1522 2071 vitae
1553 2036 1718 2080 praeter
1737 2036 1897 2072 ceteras
1928 2031 2036 2072 sicut
2065 2032 2274 2082 speculum
2295 2043 2413 2081 prae-

176 2101 303 2140 bebat
332 2098 509 2140 civitati.
567 2098 760 2137 Umbram
788 2100 997 2136 matronae
1026 2108 1123 2137 vere
1143 2098 1353 2137 Romanae
1382 2102 1425 2136 et
1452 2097 1672 2145 imaginem
1687 2097 1884 2137 videmus.
1944 2098 2207 2150 Abascantus
2238 2097 2413 2145 quidem,

176 2176 229 2205 ne
258 2162 446 2214 coniugis
476 2165 638 2202 amatae
667 2160 901 2202 memoriam
932 2161 1148 2212 perderet,
1190 2174 1336 2212 corpus
1367 2161 1558 2202 instituto
1598 2174 1708 2202 more
1738 2162 1919 2202 comburi
1962 2162 2096 2203 vetuit
2141 2161 2414 2211 odoribusque

175 2229 383 2269 differtum
412 2227 608 2276 condivit,
640 2227 845 2267 conditum
872 2226 914 2265 in
944 2227 1130 2276 sepulcro
1161 2227 1305 2276 templi
1334 2227 1469 2266 instar
1498 2227 1737 2277 composuit,
1769 2231 1965 2277 quantum
1996 2227 2171 2267 omnium
2200 2227 2416 2267 maximam

177 2294 307 2336 movit
334 2293 662 2343 admirationem,
693 2297 740 2333 ut
768 2304 857 2334 cum
885 2293 1037 2342 templo
1067 2292 1231 2343 Flavio,
1262 2293 1367 2343 quod
1396 2296 1724 2343 compararetur,
1770 2292 1936 2345 dignum
1967 2297 2079 2334 esset
2109 2292 2163 2346 (v.
2196 2296 2275 2333 244
2305 2293 2412 2344 sqq.)

176 2361 344 2401 'Domus
373 2360 482 2411 ista,
512 2360 676 2400 domus!
734 2359 831 2410 Quis
861 2358 983 2399 triste
1013 2359 1244 2408 sepulcrum
1266 2358 1479 2399 DixeritP’
1516 2359 1719 2399 exclamat
1747 2364 1870 2409 poeta
1890 2359 2162 2399 admiratione
2183 2370 2411 2409 perc-ussus,

178 2430 321 2476 utpote
350 2426 392 2465 in
422 2437 501 2475 quo
530 2436 610 2464 non
639 2424 769 2464 solum
797 2424 939 2465 variae
969 2424 1076 2463 varii
1106 2425 1271 2474 generis
1303 2428 1467 2464 statuae
1496 2425 1551 2464 ad
1581 2424 1757 2475 effigiem
1786 2425 2008 2465 Priscillae
2038 2436 2260 2474 expressae
2291 2423 2414 2463 collo-

178 2495 300 2534 catae
341 2491 520 2543 fuerint,
560 2502 703 2533 verum
732 2490 858 2531 etiam
886 2490 1015 2531 omnis
1059 2490 1135 2531 illa
1163 2492 1285 2532 turba
1312 2490 1470 2532 funeris
1500 2490 1554 2531 ad
1583 2491 1744 2540 epulum
1772 2490 1904 2532 ferale
1934 2490 2191 2532 discumbere
2221 2489 2413 2541 potuerit.

175 2558 258 2610 Qui
286 2557 322 2598 si
352 2569 497 2598 seusus
527 2556 728 2597 statuitur
761 2578 806 2585 —
839 2556 944 2596 alius
974 2560 1110 2596 autem
1141 2557 1271 2598 statui
1301 2568 1381 2596 non
1426 2560 1563 2607 potest
1597 2579 1658 2606 --,
1688 2556 1810 2597 lectio
1857 2558 1986 2607 ’toro'‚
2017 2568 2120 2606 quae
2151 2556 2275 2596 lectio
2304 2556 2347 2595 in
2376 2567 2418 2597 v.

180 2626 260 2664 228
289 2623 505 2673 reperitur,
536 2626 650 2663 stare
670 2621 832 2671 nequit,
862 2622 968 2671 quod
999 2634 1135 2662 secum
1164 2622 1256 2671 ipsa
1276 2626 1444 2672 pugnat,
1476 2622 1518 2661 id
1538 2623 1644 2670 quod
1663 2623 1795 2662 adbuc
1823 2622 1934 2673 fugit
1961 2622 2227 2671 interpretes.
2278 2621 2418 2670 Neque

179 2688 288 2729 enim
317 2688 394 2728 hoc
423 2688 513 2728 loco
542 2688 625 2728 iam
656 2687 797 2737 agitur
826 2687 876 2727 de
907 2687 1068 2738 agmine
1097 2687 1218 2727 ferali
1249 2691 1372 2737 atque
1404 2699 1548 2737 pompa
1578 2687 1745 2738 funeris,
1776 2699 1895 2736 quam
1925 2686 2145 2736 descripsit
2170 2690 2294 2736 poeta
2323 2685 2418 2725 inde

178 2766 206 2795 a
234 2766 272 2796 v.
305 2757 535 2805 208—221,
566 2753 709 2805 agitur
737 2753 787 2793 de
815 2753 1025 2803 sepultura
1054 2753 1157 2803 ipsa.
1215 2754 1344 2805 Quam
1374 2755 1423 2793 ob
1454 2765 1535 2793 rem
1582 2753 1686 2803 quod
1724 2753 1966 2795 vocabulum
2006 2753 2155 2793 'torus’
2189 2752 2231 2808 in
2260 2764 2297 2793 v.
2327 2752 2420 2801 215,

178 2820 370 2869 quoniam
400 2820 449 2859 de
479 2820 642 2870 agmine
671 2819 828 2858 funeris
858 2819 914 2858 ibi
934 2820 1062 2859 verba
1090 2820 1192 2858 facit
1212 2823 1346 2869 poeta,
1376 2819 1581 2869 proprium
1612 2820 1744 2859 locum
1773 2819 1944 2869 obtinet,
1975 2818 2082 2858 idem
2110 2819 2189 2858 hoc
2218 2819 2307 2857 loco
2337 2828 2418 2856 om-

178 2885 275 2926 niuo
304 2885 629 2935 segregandum,
661 2896 751 2925 cum
780 2884 900 2924 unius
929 2885 1107 2933 sepulcri
1147 2885 1351 2924 notionem
1381 2883 1586 2935 efflagitet
1614 2896 1758 2925 sensus
1794 2896 1843 2924 ac
1872 2884 1951 2924 nisi
1990 2884 2041 2924 de
2071 2884 2258 2933 sepulcro
2289 2892 2421 2922 sermo

180 2963 260 2992 uon
289 2950 355 2991 sit.
414 2950 579 2991 Etenim
607 2951 650 2991 in
679 2951 756 2991 hoc
786 2962 942 2991 summa
971 2950 1203 2992 sententiae
1240 2950 1455 2990 consistit:
1512 2950 1592 2990 Hic
1621 2955 1719 2991 ante
1749 2951 1908 3000 urbem,
1939 2949 2071 2999 inquit
2100 2952 2247 2998 poeta,
2278 2947 2321 2988 in
2350 2946 2421 2988 via

181 3016 318 3068 Appia
346 3016 400 3056 ad
419 3016 550 3067 ripam
570 3016 755 3057 Almonis
774 3019 941 3067 propter
961 3015 1145 3068 Cybebes
1164 3016 1358 3067 templum
1377 3016 1499 3056 beato
1521 3017 1721 3067 sepulcro,
1751 3028 1830 3056 non
1859 3017 1967 3057 lecto
1993 3015 2128 3066 ferali,
2159 3014 2265 3064 quod
2294 3012 2422 3064 sigui-

176 3082 323 3124 ficaret
351 3083 431 3123 tori
460 3095 553 3134 vox,
583 3087 624 3124 te
653 3082 884 3133 composuit
911 3083 1181 3132 Abascantus,
1212 3082 1281 3132 qui
1311 3081 1493 3122 flammas
1524 3087 1567 3122 et
1596 3094 1739 3133 rogum
1769 3081 2068 3123 reformidaret.
