2585 3531
207 381 258 431 3,-
277 381 328 432 5,
345 381 396 418 72
426 378 532 420 'Non
559 377 663 420 adeo
689 376 922 419 Vesuvinus
959 387 1066 427 apex
1093 379 1140 416 et
1164 374 1352 415 flammea
1378 373 1457 415 diri
1483 373 1639 416 Montis
1679 373 1808 415 hiems
1835 372 2023 424 trepidas
2050 372 2244 415 exhausit
2279 372 2461 418 civibus<

206 443 355 485 urbes'.
413 447 451 496 δ,
482 446 519 495 3,
550 445 631 485 205
659 442 845 493 ’Jamque
876 444 920 484 et
955 439 1054 482 flere
1081 439 1150 492 pio
1191 439 1399 482 Vesuvina
1430 437 1623 481 incendia
1650 441 1776 480 cantu
1802 437 1921 479 Mens
1949 441 2041 479 erat
2067 441 2112 479 et
2139 437 2338 490 gemitum
2366 450 2438 491 pa-

205 508 303 560 triis
329 508 565 561 impendere
594 506 765 559 damnis,
795 506 893 548 Cum
922 510 1043 558 pater
1071 512 1300 557 exemptum
1329 504 1455 547 terris
1483 504 1537 547 ad
1564 503 1701 547 sidera
1727 505 1902 546 montem
1927 502 2105 546 Sustulit
2131 505 2176 545 et
2201 502 2289 546 late
2316 503 2437 549 mue·

208 586 278 617 ras
298 575 459 617 deiecit·
476 574 520 616 iu
547 575 698 616 urbes’.

225 630 228 634 ⁴
405 640 504 692 14,
535 642 585 679 83
616 650 703 689 sqq.

667 735 828 789 'Libyci
857 735 955 787 quid
983 735 1088 777 mira
1116 735 1263 777 tributi

666 801 874 851 obsequia
902 805 946 842 et
972 800 1141 841 missum
1169 801 1333 841 media*
1363 801 1414 841 de
1441 811 1544 852 pace
1571 799 1817 851 triumphum

664 866 847 908 Laudem
876 871 920 908 et
948 877 1046 917 opes
1075 870 1217 907 tantas
1232 867 1252 906 P
1287 878 1363 907 nec
1393 865 1462 917 qui
1489 866 1757 907 mandaverat
1784 876 1911 906 ansus

663 932 919 984 Exspectare
947 931 1027 973 fuit
1041 932 1066 972 l’

399 1031 448 1072 In
479 1030 621 1072 Africa
648 1030 777 1082 primo
807 1030 974 1072 saeculo
1003 1042 1042 1081 p.
1064 1029 1157 1072 Chr.
1187 1030 1321 1071 crebri
1350 1030 1548 1072 tumultus
1576 1030 1741 1071 fiebant.
1780 1029 1841 1071 cf.
1862 1028 2072 1070 Tac.hist.
2092 1032 2131 1080 4,
2156 1033 2231 1070 50:
2263 1029 2437 1071 'Discor-

205 1097 310 1148 diae,
341 1109 444 1147 quae
475 1128 484 1137 .
515 1129 523 1136 .
555 1128 563 1136 .
596 1127 604 1135 .
636 1096 718 1136 iam
747 1108 821 1146 per
852 1107 966 1136 arma
994 1099 1037 1136 et
1066 1095 1178 1135 acies
1208 1097 1534 1136 exercebantur’.
1589 1095 1697 1136 Nota
1725 1098 1790 1137 est
1808 1094 1970 1137 Valerii
1998 1094 2129 1146 Festi,
2160 1106 2250 1136 cum
2281 1094 2435 1136 discor-

172 1171 174 1174 ·
204 1162 298 1204 diae
327 1163 436 1204 inter
465 1162 648 1204 Oeenses
677 1165 720 1203 et
748 1161 991 1212 Leptitanos
1020 1164 1135 1201 ortae
1164 1164 1313 1210 essent,
1345 1161 1396 1201 de
1426 1161 1785 1212 Gauromantibus,
1816 1162 1883 1211 qui
1914 1160 2066 1201 auxilio
2087 1165 2287 1201 venerant
2307 1160 2435 1200 Oeen-

204 1228 345 1280 sibus,
390 1231 603 1279 reportata
632 1227 824 1269 victoria.
895 1225 1094 1268 Rutilium
1126 1226 1332 1268 Gallicum
1350 1258 1360 1277 ‚
1403 1226 1604 1269 hominem
1634 1226 1751 1269 illum
1780 1227 1938 1278 quidem
1966 1239 2141 1278 novum,
2179 1226 2245 1277 qui
2274 1230 2436 1278 gentem

204 1297 419 1335 obscuram
449 1307 471 1334 e
502 1294 685 1334 tenebris
714 1294 756 1333 in
785 1294 915 1333 lucem
944 1297 1189 1333 evocaverat
1220 1304 1296 1332 sua
1325 1293 1480 1332 virtute
1509 1293 1638 1332 nobili
1668 1296 1791 1343 atque
1830 1292 1986 1333 illustri
2016 1295 2070 1340 (v.
2088 1296 2139 1332 68
2171 1293 2315 1343 ’genus
2345 1293 2434 1343 ipse

205 1360 336 1410 suis'),
367 1364 439 1400 aut
468 1359 590 1410 paulo
621 1365 719 1400 ante
751 1358 955 1399 Valerium
986 1357 1154 1398 Festum
1184 1363 1256 1398 aut
1284 1358 1409 1407 paulo
1437 1362 1531 1407 post
1559 1358 1744 1408 legatum
1772 1370 1905 1407 propr.
1928 1370 2040 1407 prov.
2060 1358 2227 1398 Africae
2253 1360 2321 1399 vel
2352 1360 2433 1409 leg.

205 1426 280 1475 leg.
313 1425 375 1464 111
405 1428 510 1475 Aug.
533 1424 665 1464 fuisse
696 1435 747 1464 ex
775 1422 1109 1473 inscriptionibus
1139 1426 1304 1463 constat
1332 1422 1508 1464 Latinis.
1566 1423 1725 1476 Quibus
1755 1422 2026 1465 seditionibus
2055 1422 2291 1474 compositis
2321 1436 2437 1474 prae-

205 1491 296 1531 dam
326 1503 377 1530 ex
406 1489 668 1540 expeditione
698 1489 915 1529 collectam
945 1492 987 1528 et
1009 1488 1206 1528 tributum
1235 1489 1401 1528 Romam
1423 1488 1589 1529 videtur
1607 1489 1791 1529 Rutilius
1813 1490 2044 1530 advexisse.
2102 1490 2129 1529 J
2133 1501 2196 1529 am
2217 1502 2313 1530 vero
2336 1489 2431 1540 quid

205 1555 385 1607 gentium
416 1554 651 1607 significant
679 1555 808 1595 verba
850 1554 1025 1594 'missum
1055 1553 1211 1594 media
1242 1554 1291 1594 de
1323 1566 1422 1604 pace
1452 1553 1734 1605 triumphum?
1791 1555 1905 1606 Quae
1936 1556 2092 1605 quidem
2120 1557 2246 1596 verba
2275 1556 2435 1596 occulte

206 1622 363 1663 Statius
389 1622 492 1662 dicit
521 1627 715 1671 tanquam
735 1619 986 1661 Heraclitus.
1045 1619 1226 1660 ’Missum
1256 1619 1515 1671 triumphum’
1545 1620 1626 1661 nisi
1655 1621 1864 1671 acceperis
1886 1621 1935 1662 de
1966 1622 2121 1671 praeda
2149 1625 2195 1662 ut
2224 1621 2285 1662 ita
2304 1621 2436 1662 dicam

205 1701 374 1738 pompae
403 1687 662 1738 triumphalis
682 1687 800 1727 modo
828 1686 965 1735 missa,
996 1697 1158 1726 sensum
1188 1697 1267 1725 non
1297 1686 1561 1735 praebebunt.
1619 1687 1757 1735 Neque
1788 1686 1893 1726 enim
1925 1686 1974 1726 de
2000 1686 2191 1736 triumphi
2219 1687 2437 1728 honoribus

206 1757 275 1793 aut
296 1753 346 1792 de
376 1751 626 1793 ornamentis
655 1751 969 1801 triumphalibus
989 1751 1057 1790 hic
1077 1751 1249 1801 cogitari
1279 1755 1427 1800 potest.
1468 1751 1647 1791 Restant
1676 1752 1845 1791 'media
1865 1753 1914 1791 de
1936 1753 2049 1800 pace’
2069 1753 2205 1792 verba.
2264 1752 2439 1803 Quaeso,

207 1818 301 1867 quid
330 1819 431 1858 haec
459 1818 586 1857 verba
608 1817 788 1857 valent?
837 1816 940 1856 Mihi
970 1815 1131 1865 quidem
1160 1818 1352 1856 tenebrae
1383 1820 1488 1856 sunt.
1547 1817 1690 1857 Davus
1721 1829 1808 1856 sum
1837 1829 1917 1856 non
1947 1817 2140 1866 Oedipus.
2199 1818 2304 1857 Tota
2332 1817 2437 1858 enim

206 1896 272 1923 res
303 1883 474 1923 vacillat
504 1887 545 1922 et
574 1882 796 1932 claudicat,
827 1893 958 1930 neque
988 1881 1085 1930 quid
1116 1880 1317 1931 significet
1346 1882 1492 1922 ’media
1528 1883 1620 1931 pax'
1651 1882 1774 1922 lectio
1819 1883 2003 1922 extrices.
2075 1882 2440 1922 Considerantibus

206 1948 322 1988 nobis
352 1947 529 1987 'missum
558 1947 705 1987 media’
735 1947 949 1987 verborum
980 1946 1127 1986 literas
1172 1958 1395 1997 sensusque
1425 1947 1706 1988 condicionem
1735 1948 1810 1988 sub
1842 1947 1998 1988 'media'
2030 1948 2263 1998 corruptela
2292 1947 2443 1989 ascitis

208 2027 258 2054 ex
288 2014 476 2053 'missum'
506 2013 696 2053 lectionis
716 2012 850 2052 literis
871 2012 1027 2051 duabus
1059 2013 1250 2052 extremis
1272 2014 1402 2052 latere
1432 2013 1630 2052 'Numida'
1660 2013 1890 2052 videbatur.
1960 2014 2021 2052 Ac
2050 2013 2132 2052 nisi
2153 2013 2201 2053 de
2226 2013 2437 2054 Numidico

207 2079 381 2119 tumultu
416 2078 480 2118 hic
509 2089 588 2118 non
618 2088 759 2118 sermo.
820 2076 1017 2117 ’Numida’
1046 2088 1184 2118 vocem
1216 2077 1339 2117 etiam
1367 2077 1562 2118 adiectivi
1581 2077 1742 2118 vicibus
1769 2077 1884 2128 fungi
1915 2078 2101 2127 exempla
2131 2078 2289 2118 docent.
2348 2079 2439 2119 Sta-

207 2144 307 2184 tium
337 2145 411 2183 hoc
443 2144 532 2183 loco
566 2142 687 2183 nimis
720 2142 864 2183 laudes
894 2142 1039 2183 efferre
1077 2142 1226 2183 Rutilii
1264 2147 1394 2192 atque
1428 2155 1495 2184 res
1525 2143 1576 2184 ab
1605 2155 1652 2184 eo
1682 2147 1825 2194 gestas
1855 2143 1992 2184 verbis
2027 2143 2069 2183 in
2097 2144 2230 2185 maius
2258 2145 2441 2196 auxisse,

208 2210 326 2260 quasi
356 2212 515 2259 patriae
546 2210 627 2249 iam
646 2208 941 2258 praecipitanti
970 2208 1240 2258 subvenisset,
1272 2209 1313 2247 iu
1334 2211 1532 2259 promptu,
1561 2220 1654 2248 nam
1674 2209 1845 2248 historia
1875 2221 1924 2249 ea
1944 2210 1994 2249 de
2022 2222 2067 2249 re
2086 2215 2200 2250 muta
2229 2214 2303 2251 est.

404 2274 441 2316 V
477 2280 507 2326 l,
543 2278 617 2315 158
647 2274 698 2315 de
726 2273 925 2316 Pn'scilla
953 2273 1034 2315 iam
1064 2273 1146 2315 iam
1175 2274 1375 2316 moriente
1404 2277 1528 2325 poeta
1556 2277 1684 2316 verba
1711 2275 1815 2316 facit
1843 2276 1963 2316 haec:
2032 2264 2037 2269 ⁸

603 2374 684 2416 'Nil
713 2374 857 2416 famuli
887 2378 1040 2425 coetus,
1070 2373 1131 2415 nil
1159 2386 1229 2415 ars
1260 2386 1430 2424 operosa
1458 2374 1689 2415 medentum

602 2440 816 2481 Auxiliata
841 2440 991 2481 malis‘.

407 2539 568 2590 Quaero
598 2549 730 2578 nonne
760 2542 898 2578 coetus
938 2549 1017 2579 vox
1046 2549 1071 2578 a
1099 2549 1220 2579 sensu
1249 2538 1384 2579 aliena
1412 2537 1479 2580 sit.
1535 2537 1617 2579 Vix
1646 2541 1711 2580 est
1727 2538 1831 2589 quod
1860 2538 2046 2590 ambigas
2076 2539 2125 2580 de
2144 2551 2245 2581 voce
2274 2540 2444 2582 'coetus'

211 2619 235 2646 a
264 2606 398 2646 Statio
428 2617 506 2645 nou
537 2605 736 2654 profecta.
811 2604 988 2644 Praeter
1031 2605 1137 2644 enim
1167 2616 1285 2654 quam
1330 2604 1435 2654 quod
1463 2604 1506 2644 in
1533 2603 1709 2646 famulos
1753 2616 1834 2645 non
1879 2605 2098 2645 conveniat
2141 2605 2438 2648 substantivum

210 2672 387 2721 'coetus',
418 2671 589 2722 ’greges'
620 2670 687 2711 vcl
718 2670 864 2710 ’turba’
895 2670 1113 2710 secundum
1145 2670 1305 2711 dicendi
1335 2669 1666 2711 consuetudinem
1689 2671 1918 2720 conveniat,
1949 2683 1999 2710 ue
2022 2672 2162 2720 agitur
2181 2673 2338 2721 quidem
2361 2672 2438 2711 hoc

212 2738 301 2776 loco
330 2737 380 2776 de
410 2736 607 2786 conciliis,
638 2747 743 2785 quae
772 2735 877 2774 nihil
898 2735 1085 2775 valerent
1111 2736 1163 2775 ad
1197 2735 1419 2776 sanitatem
1438 2734 1659 2777 Priscillae
1699 2735 2073 2787 redintegrandam.
2131 2736 2179 2777 In
2207 2736 2438 2778 memoriam

212 2802 331 2842 nobis
359 2802 648 2841 revocantibus
676 2801 874 2841 lectiones
906 2802 1072 2840 ’coetus’
1103 2805 1145 2840 et
1164 2803 1356 2849 ’questus’
1384 2801 1611 2842 sescenties
1639 2801 1727 2841 fere
1757 2801 1930 2850 reperiri
1951 2802 2153 2852 confusas,
2182 2802 2254 2843 vix
2273 2801 2437 2841 dubium

215 2867 310 2917 quin
340 2866 411 2906 'nil
439 2865 580 2907 famuli
609 2866 819 2917 questus’
849 2865 1067 2917 legendum
1096 2864 1165 2907 sit.
1200 2864 1368 2916 Aliquid
1395 2865 1505 2908 inter
1531 2866 1607 2908 has
1636 2877 1762 2908 voces
1790 2865 1973 2909 interest
2004 2908 2007 2911 ,
2034 2867 2233 2909 Precibus
2262 2866 2368 2909 enim
2396 2868 2445 2906 et.

214 2932 426 2983 questibus
454 2932 618 2972 numina
645 2932 917 2972 flectebantur
946 2943 1026 2971 non
1056 2931 1255 2972 coetibus.
1313 2931 1399 2978 Res¹
1425 2931 1606 2982 loquitur
1633 2932 1738 2984 ipsa,
1767 2932 1811 2973 id
1839 2933 1944 2983 quod
1974 2943 2136 2984 semper
2170 2933 2285 2974 valet
2312 2930 2437 2983 pluri-

213 3009 330 3040 mum.
390 2996 449 3039 cf.
467 2996 594 3039 Theb.
616 3001 653 3049 7,
674 3001 753 3038 460
783 2997 886 3039 'Hoc
913 2997 1103 3050 precibus
1132 3002 1358 3048 questuque
1386 2997 1511 3039 deos’.
1571 3002 1634 3049 10,
1655 3002 1705 3044 66
1727 2998 1938 3045 ’Lacrimis
1957 3003 2184 3050 questuque
2211 2998 2437 3050 rogabant?-

213 3064 308 3105 Val.
338 3063 404 3115 ΕΙ.
435 3068 472 3115 2,
508 3067 582 3103 167
613 3064 728 3105 ‘Tum
761 3075 859 3105 voce
889 3064 988 3105 deos
1016 3067 1101 3105 tum
1131 3062 1345 3114 questibus
1379 3062 1575 3115 implent?¹
1604 3063 1697 3108 silv.
1731 3067 1774 3117 1,
1804 3067 1842 3116 4,
1872 3068 1964 3106 815.
2034 3064 2232 3109 Similiter
2272 3063 2442 3106 eaedem
