2585 3531
1176 268 1226 278 ..
1276 249 1340 288 ‘⁵10
1358 267 1436 278 ⁷.-

504 419 507 422 ἣ
583 364 1138 426 witus-umquefdomst,
1158 369 1244 406 nec
1270 368 1316 406 te
1342 364 1587 416 mifisshnn
1604 366 1752 412 nammis
1813 398 1817 402 .
1863 401 1867 403 .
1900 370 1906 373 ’

581 430 769 482 nivium
785 431 982 486 &alternas
1009 429 1194 472 servant
1210 430 1422 482 praetoria
1443 430 1566 483 ripas
1621 431 1648 455 ³*
1722 464 1725 467 ,

484 534 496 539 s
544 531 549 536 .
580 498 671 539 Non
699 506 872 540 externa
907 496 991 537 sibi
1016 495 1236 538 fluviumve
1266 498 1432 539 obstare
1461 499 1720 549 querunturL

327 592 330 598 ’
382 591 517 639 Locus
545 595 600 638 ad
626 594 947 648 intellegendum
978 598 1091 637 esset
1120 585 1394 649 subdifficilis,
1425 596 1506 639 nisi
1529 596 1607 648 ,qui
1635 576 1861 650 sequuntur
1886 574 2029 642 yersus
2058 592 2190 648 lucem
2220 601 2424 658 quandam

180 662 455 721 affunderent.
509 661 611 706 Inde
639 661 777 712 elucet
803 669 953 724 poetae
982 661 1199 704 dicendum
1224 661 1357 712 fuisse
1391 663 1475 704 sic:
1534 664 1785 716 Quamquam
1827 666 1920 717 ripa
1962 661 2138 718 utraque
2180 667 2315 710 distat
2331 700 2343 723 2
2376 672 2423 725 te

181 735 334 784 tamen,
364 729 480 779 villa,
508 725 661 779 fluvius
688 738 769 767 non
797 726 962 779 dividit,
993 739 1100 778 quae
1119 728 1320 779 pontesssis
1347 728 1501 770 iuncta.
1530 728 1661 783 Quam
1680 729 1732 771 ob
1750 740 1837 781 rem
1855 734 2006 782 poetae
2036 730 2298 776 scribendum
2325 732 2424 787 fuit:

643 825 780 870 &bitus
802 829 1023 877 *utrumque
1049 826 1200 878 Anien,
1231 838 1309 868 nec
1335 832 1380 869 te
1400 827 1651 870 mitissimus
1671 828 1812 877 antis

627 891 832 940 ‚Dtva‘ffite
917 894 922 898 “

380 981 632 1033 Quamquam
661 979 763 1021 litus
783 983 1012 1031 utrumque,
1041 983 1085 1021 te
1104 992 1185 1022 non
1204 980 1353 1022 dividit
1372 980 1518 1022 Anien.
1576 982 1736 1024 ’Anien’
1765 993 1846 1024 vox
1875 994 2001 1034 saepe
2030 982 2072 1024 in
2093 984 2209 1025 codd.
2232 988 2424 1036 corrupta

178 1047 358 1099 legitur3
389 1046 441 1087 cf.
459 1059 500 1087 v.
522 1050 587 1096 20,
617 1045 689 1086 ubi
717 1046 835 1086 codd.
866 1046 1060 1087 exhibent
1088 1046 1260 1089 ’autem‘.
1308 1047 1374 1087 Ex
1394 1047 1550 1088 'Anien'
1573 1059 1673 1089 voce
1701 1049 1789 1099 hoc,
1812 1048 1870 1090 aie
1896 1059 1974 1098 quo
1996 1049 2157 1099 agimus
2186 1050 2290 1101 loco,
2310 1050 2423 1092 vide-

178 1118 251 1155 tur
279 1116 411 1154 ortum
441 1123 535 1153 esse
564 1111 715 1163 'omin',
733 1123 909 1162 namque
929 1111 1120 1153 ’D’lite'ra
1138 1116 1307 1163 propter
1326 1112 1634 1156 similitudinem
1658 1114 1947 1164 praecedentis
1967 1114 2027 1166 ’Q’
2047 1126 2120 1165 per
2139 1116 2425 1169 διττογραφίαν

176 1179 292 1222 haud
320 1179 406 1221 sico
436 1189 490 1220 an
517 1177 745 1229 irrepserit.
811 1178 928 1231 Quod
956 1178 1231 1223 Baehrensius
1260 1179 1443 1222 tentavit
1471 1179 1586 1224 ’litus
1626 1184 1841 1230 utrumque
1871 1181 2012 1221 domus
2042 1186 2158 1221 tenet
2188 1186 2231 1222 et
2258 1182 2425 1223 mitissi-

180 1257 272 1287 mus
301 1245 433 1287 amnis
462 1243 655 1295 Dividit',
686 1244 809 1286 docet
837 1256 955 1295 quam
983 1256 1063 1286 non
1091 1244 1349 1296 perspexerit
1388 1244 1622 1287 sententiae
1665 1256 1861 1289 summam
1890 1247 1998 1298 vim3
2043 1247 2149 1297 quod
2178 1247 2285 1289 idem
2314 1247 2427 1290 cadit

176 1312 225 1354 in
252 1311 455 1363 mpsim,
486 1311 555 1362 qui
585 1311 701 1352 ’litus
731 1311 934 1361 utrimque
964 1311 1103 1352 domus
1132 1324 1209 1352 nec
1238 1324 1284 1352 se
1315 1342 1324 1352 .
1355 1344 1364 1351 .
1395 1313 1418 1352 .’
1462 1311 1696 1362 suspicatus
1736 1316 1827 1363 est,
1872 1324 1990 1362 quem
2019 1324 2097 1364 ego
2140 1325 2220 1355 non
2263 1325 2427 1365 possum

178 1383 342 1421 tantum
369 1377 571 1419 hominem
599 1377 846 1419 sententiam
875 1389 954 1418 non
982 1377 1241 1419 intellexisse
1271 1377 1419 1419 dicere.
1491 1377 1570 1429 Qui
1600 1389 1748 1419 seusus
1780 1379 1831 1418 ab
1862 1378 2159 1429 interpretibus
2190 1380 2301 1421 haud
2334 1392 2428 1427 raro

180 1456 324 1498 parum
353 1443 565 1496 dispectus
594 1455 885 1494 nonnunquam
915 1455 1040 1484 causa
1067 1443 1146 1485 fuit
1162 1476 1172 1495 ,
1208 1456 1282 1485 cur
1310 1444 1399 1485 loco
1428 1444 1590 1495 integ-ro
1620 1444 1686 1485 vis
1716 1443 1934 1485 afferretur
1950 1476 1960 1495 ,
2005 1444 2048 1485 id
2078 1445 2186 1494 quod
2216 1445 2357 1486 evenit
2384 1445 2428 1486 in

177 1511 364 1552 eiusdem
394 1510 566 1561 eclogae
595 1520 634 1551 v.
656 1512 710 1549 32
739 1509 815 1549 ’sic
836 1508 1034 1550 Chalcida
1061 1509 1210 1550 fluctus
1230 1510 1442 1560 expellunt
1470 1509 1650 1560 fluvii’,
1671 1509 1740 1550 ubi
1761 1510 1970 1550 Chalcidis
1990 1511 2100 1551 notio
2122 1522 2291 1561 prorsus
2322 1511 2427 1561 quod

92 1598 99 1604 ·
177 1577 363 1618 dubitari
391 1575 524 1627 possit
551 1586 632 1616 non
660 1574 800 1616 habet.
859 1575 974 1627 Quae
1003 1576 1054 1615 ab
1083 1575 1378 1626 interpretibus
1413 1587 1494 1615 non
1522 1575 1738 1616 intellecta
1765 1575 1955 1617 inutilem
1984 1568 2143 1627 copiam
2173 1576 2425 1620 coniectura-

181 1655 284 1695 rum,
314 1654 421 1694 quae
440 1641 581 1684 ’fluvii’
602 1653 744 1683 vocem
763 1641 871 1682 omni
892 1654 945 1682 ex
974 1646 1092 1692 parte
1111 1642 1333 1693 genuinam
1363 1652 1677 1692 summoverent,
1707 1642 1881 1684 invexit.
1940 1642 2019 1693 Qui
2048 1643 2160 1690 mihi
2176 1643 2427 1693 interpretes

183 1709 334 1760 sulcos,
364 1712 412 1749 ut
439 1708 567 1759 aiunt,
596 1707 641 1748 in
668 1706 839 1758 pulvere
868 1706 1038 1748 duxisse
1066 1707 1258 1749 videntur
1287 1720 1439 1749 omnes.
1499 1707 1598 1748 Cum
1627 1706 1733 1748 enim
1765 1707 1975 1750 Chalcidis
2006 1720 2107 1750 voce
2137 1720 2274 1749 omnes
2295 1708 2429 1749 adhuc

179 1775 433 1825 interpretes
451 1773 678 1814 Euboicam
707 1772 899 1823 intellegi
930 1777 1138 1823 putarent,
1169 1773 1292 1813 lectio
1314 1773 1463 1823 ’fluvii‘,
1487 1785 1565 1823 quo
1587 1773 1895 1824 significaretur
1913 1773 2108 1824 Euripus,
2129 1778 2172 1814 et
2192 1774 2428 1824 'expellunt'

183 1843 298 1882 stare
326 1851 408 1881 uon
436 1838 586 1890 potuit.
645 1837 800 1891 Quodsi
829 1837 1064 1880 Chalcidem
1093 1839 1352 1880 intellexeris
1375 1851 1476 1890 eam,
1506 1851 1613 1889 quae
1642 1850 1724 1879 una
1752 1842 1844 1879 erat
1863 1850 1915 1879 ex
1934 1838 2217 1879 Echinadibus
2248 1839 2290 1879 in
2321 1839 2428 1880 ostio

181 1904 357 1946 Acheloi
385 1903 502 1945 fluvii
533 1903 631 1955 sita,
661 1915 801 1944 omnes
831 1903 1099 1945 difficultates
1128 1905 1335 1945 sublatae.
1407 1905 1571 1945 Etenim
1614 1904 1765 1945 fluvius
1809 1903 2021 1955 significat
2062 1904 2313 1955 Acheloum,
2358 1904 2428 1954 qui

182 1983 311 2023 parvo
354 1970 484 2021 spatii
527 1970 752 2012 intervallo
797 1970 997 2011 Chalcida
1026 1982 1051 2010 a
1081 1970 1309 2012 continenti
1338 1971 1559 2011 distantem
1589 1970 1781 2011 fluctibus
1822 1969 1864 2010 in
1897 1982 2008 2011 mare
2039 1970 2330 2020 quodammodo
2361 1983 2427 2012 ex-

182 2037 341 2088 pellere
369 2036 601 2078 videbatur.
660 2036 790 2088 Quam
821 2037 872 2076 ob
898 2048 983 2077 rem
1013 2048 1141 2077 sanae
1171 2037 1331 2077 omnino
1362 2037 1470 2087 parti
1501 2036 1744 2087 scalpellum
1766 2036 2041 2076 adhibuerunt
2069 2040 2194 2086 atque
2224 2036 2425 2088 integrae,

180 2103 252 2154 qui
294 2106 369 2144 aut
398 2102 521 2143 'flavi’
553 2102 816 2155 (Baehrens.)
846 2106 921 2143 aut
950 2102 1110 2154 ’refugi'
1140 2103 1355 2153 (Cmceus)
1386 2107 1460 2142 aut
1503 2103 1587 2142 alia
1631 2102 1760 2142 conici
1804 2102 2032 2142 voluerunt.
2105 2103 2280 2142 Accedit
2324 2103 2430 2151 quod

184 2168 345 2210 Statius
374 2171 586 2219 poetarum
605 2167 979 2209 Alexandrinorum
1008 2180 1120 2209 more
1140 2168 1293 2209 multus
1314 2172 1507 2209 versatur
1537 2174 1580 2208 et
1608 2167 1650 2208 in
1670 2168 1793 2209 rebus
1815 2172 1857 2208 et
1876 2168 2029 2209 fabulis
2050 2168 2229 2209 remotis.
2270 2168 2428 2208 Eadem

182 2246 332 2276 sensus
361 2245 504 2286 parum
535 2232 743 2286 perspecti
771 2234 877 2276 ratio
909 2246 1037 2276 causa
1065 2233 1171 2286 fuit,
1214 2246 1286 2275 cur
1314 2233 1532 2275 inutilibus
1563 2233 1811 2274 coniecturis
1840 2239 2093 2284 premeretur
2123 2234 2163 2275 11
2195 2239 2231 2285 2,
2263 2247 2302 2277 v.
2339 2237 2427 2275 110.

184 2301 338 2342 Versus
368 2303 463 2341 sunt
491 2300 558 2340 hi:

648 2387 727 2428 'Sis
755 2387 872 2438 felix,
901 2388 1042 2438 tellus,
1073 2387 1248 2428 dominis
1278 2388 1476 2428 ambobus
1507 2387 1550 2427 in
1578 2398 1708 2430 annos

643 2452 856 2503 Mygdonii
884 2452 1076 2504 Pyliique
1105 2453 1216 2494 senis
1246 2465 1324 2494 nec
1351 2453 1492 2494 nobile
1521 2456 1656 2493 mutes

649 2517 882 2570 Seruitium,
911 2530 988 2560 nec
1018 2523 1061 2559 te
1090 2519 1204 2562 cultu
1234 2518 1455 2570 Tirynthia
1485 2518 1630 2561 vincat

649 2584 775 2625 Aula
802 2584 1104 2639 Dicarcheique
1132 2584 1275 2626 sinus’.

386 2683 484 2724 Cum
516 2687 559 2725 et
585 2684 866 2725 Baehrensius
896 2688 939 2726 et
966 2684 1138 2726 Nohlius
1171 2685 1426 2726 dubitatione
1456 2687 1697 2726 aestuarent
1712 2717 1722 2737 ,
1752 2684 1944 2735 quidnam
1975 2683 2158 2736 gentium
2191 2683 2270 2724 sibi
2299 2684 2430 2726 vellet

180 2749 407 2802 Tirynthia
435 2750 533 2792 aula
549 2782 559 2802 ,
593 2750 770 2791 alterum
799 2751 910 2803 ’ora’‚
940 2751 1116 2793 alterum
1145 2752 1272 2793 'arva'
1301 2763 1530 2802 proponere
1570 2763 1650 2792 non
1690 2755 1756 2793 est
1794 2751 1982 2794 veritum.
2052 2750 2276 2792 Videamus
2305 2762 2423 2801 nunc,

183 2817 228 2858 id
257 2818 365 2868 quod
394 2821 518 2868 caput
549 2821 626 2868 est,
657 2816 753 2867 quid
782 2816 1001 2868 Tirynthia
1030 2818 1128 2858 aula
1156 2817 1373 2868 significet.
1431 2817 1511 2858 His
1540 2816 1681 2858 verbis
1710 2816 2000 2868 significantur
2028 2816 2118 2857 sine
2148 2816 2272 2857 dubio
2301 2815 2424 2857 Bauli

184 2883 254 2926 vel
282 2882 459 2925 Boaulia
475 2916 485 2935 ,
526 2895 632 2933 quae
661 2882 760 2924 urbs
791 2886 880 2924 erat
910 2884 962 2924 ad
1000 2883 1133 2924 sinum
1149 2882 1366 2924 Baianum
1394 2882 1437 2923 in
1465 2882 1704 2933 Campania,
1734 2882 1805 2923 ubi
1833 2887 2028 2933 tanquam
2059 2883 2211 2923 ocellos
2242 2882 2303 2923 sic
2331 2881 2426 2922 niti-

183 2941 605 2991 {issimus-villana
631 2959 706 2991 ora
733 2947 941 2991 maritima
969 2960 1171 3002 cerneres,
1202 2948 1246 2990 in
1275 2948 1423 3000 quibus
1453 2959 1560 2999 quae
1588 2951 1836 2990 memoretur
1870 2948 1998 3001 digna
2027 2950 2100 2990 est-
2122 2947 2225 2989 villa
2253 2947 2428 2988 Horten-

186 3015 241 3057 sii
258 3014 467 3056 *emtorisf
519 3015 569 3056 cf.
597 3015 727 3057 Acad.
756 3014 829 3056 IV.
857 3018 897 3055 3.
953 3015 1093 3067 Ipsum
1115 3026 1268 3057 >nomen
1284 3013 1421 3055 'Bauli
1456 3013 1661 3055 duxerunt
1675 3025 1716 3055 va
1740 3016 1837 3066 βοῦς
1865 3021 1910 3057 et
1938 3011 2284 3068 adivi-verborum
2323 3011 2429 3054 deri-

185 3081 363 3133 vatione,
393 3080 587 3131 quoniam
610 3081 816 3123 Hercules
846 3080 904 3122 ibi
932 3081 1059 3123 boves
1080 3080 1287 3134 Geryonis
1316 3079 1487 3121 inania
1506 3079 1574 3120 vel
1601 3079 1775 3121 ‘stabulo
1790 3080 2040 3122 condidisse
2069 3079 2289 3121 ferebatur.
2331 3078 2431 3118 Pro-
