<?xml version="1.0" encoding="UTF-8"?>
<!DOCTYPE html PUBLIC "-//W3C//DTD XHTML 1.0 Transitional//EN"
    "http://www.w3.org/TR/xhtml1/DTD/xhtml1-transitional.dtd">
<html xmlns="http://www.w3.org/1999/xhtml" xml:lang="en" lang="en">
 <head>
  <title>
</title>
<meta http-equiv="Content-Type" content="text/html;charset=utf-8" />
  <meta name='ocr-system' content='tesseract 3.04.00' />
  <meta name='ocr-capabilities' content='ocr_page ocr_carea ocr_par ocr_line ocrx_word'/>
</head>
<body>
  <div class='ocr_page' id='page_1' title='image "4769363_0011.png"; bbox 0 0 2585 3531; ppageno 0'>
   <div class='ocr_carea' id='block_1_1' title="bbox 1181 253 1421 290">
    <p class='ocr_par' dir='ltr' id='par_1_1' title="bbox 1181 253 1421 290">
     <span class='ocr_line' id='line_1_1' title="bbox 1181 253 1421 290; baseline 0 -11"><span class='ocrx_word' id='word_1_1' title='bbox 1181 253 1421 290; x_wconf 76' lang='lat'><strong>-3-</strong></span> 
     </span>
    </p>
   </div>
   <div class='ocr_carea' id='block_1_2' title="bbox 179 370 2410 3119">
    <p class='ocr_par' dir='ltr' id='par_1_2' title="bbox 179 370 2404 1999">
     <span class='ocr_line' id='line_1_2' title="bbox 379 370 2396 425; baseline -0.002 -11"><span class='ocrx_word' id='word_1_2' title='bbox 379 374 494 425; x_wconf 89' lang='lat' dir='ltr'><strong>Quae</strong></span> <span class='ocrx_word' id='word_1_3' title='bbox 522 383 610 422; x_wconf 88' lang='lat' dir='ltr'><strong>cnm</strong></span> <span class='ocrx_word' id='word_1_4' title='bbox 652 370 714 411; x_wconf 83' lang='lat' dir='ltr'><strong>ita</strong></span> <span class='ocrx_word' id='word_1_5' title='bbox 755 370 859 421; x_wconf 90' lang='lat' dir='ltr'><strong>sint,</strong></span> <span class='ocrx_word' id='word_1_6' title='bbox 901 370 990 411; x_wconf 87' lang='lat' dir='ltr'><strong>fieri</strong></span> <span class='ocrx_word' id='word_1_7' title='bbox 1031 382 1111 411; x_wconf 90' lang='lat' dir='ltr'><strong>non</strong></span> <span class='ocrx_word' id='word_1_8' title='bbox 1151 374 1290 422; x_wconf 89' lang='lat' dir='ltr'><strong>potest</strong></span> <span class='ocrx_word' id='word_1_9' title='bbox 1328 371 1422 421; x_wconf 89' lang='lat' dir='ltr'><strong>quin</strong></span> <span class='ocrx_word' id='word_1_10' title='bbox 1452 371 1610 412; x_wconf 82' lang='lat' dir='ltr'>Statius</span> <span class='ocrx_word' id='word_1_11' title='bbox 1652 383 1724 421; x_wconf 88' lang='lat' dir='ltr'><strong>pro</strong></span> <span class='ocrx_word' id='word_1_12' title='bbox 1754 372 1867 412; x_wconf 88' lang='lat' dir='ltr'><strong>’toro&#39;</strong></span> <span class='ocrx_word' id='word_1_13' title='bbox 1897 371 2110 421; x_wconf 83' lang='lat' dir='ltr'>scripserit</span> <span class='ocrx_word' id='word_1_14' title='bbox 2138 371 2276 412; x_wconf 83' lang='lat' dir='ltr'><strong>’tholo&#39;</strong></span> <span class='ocrx_word' id='word_1_15' title='bbox 2306 370 2329 410; x_wconf 91' lang='lat' dir='ltr'><strong>i.</strong></span> <span class='ocrx_word' id='word_1_16' title='bbox 2360 382 2396 410; x_wconf 92' lang='lat' dir='ltr'><strong>e.</strong></span> 
     </span>
     <span class='ocr_line' id='line_1_3' title="bbox 181 437 2393 491; baseline -0.004 -8"><span class='ocrx_word' id='word_1_17' title='bbox 181 441 346 491; x_wconf 86' lang='lat' dir='ltr'><strong>templo.</strong></span> <span class='ocrx_word' id='word_1_18' title='bbox 402 439 522 480; x_wconf 81' lang='lat' dir='ltr'><strong>Tholi</strong></span> <span class='ocrx_word' id='word_1_19' title='bbox 550 437 753 477; x_wconf 72' lang='lat' dir='ltr'><strong>notionem</strong></span> <span class='ocrx_word' id='word_1_20' title='bbox 779 437 884 477; x_wconf 90' lang='lat' dir='ltr'><strong>idem</strong></span> <span class='ocrx_word' id='word_1_21' title='bbox 912 438 1052 478; x_wconf 84' lang='lat' dir='ltr'><strong>valere</strong></span> <span class='ocrx_word' id='word_1_22' title='bbox 1082 437 1187 486; x_wconf 89' lang='lat' dir='ltr'><strong>quod</strong></span> <span class='ocrx_word' id='word_1_23' title='bbox 1227 438 1419 487; x_wconf 81' lang='lat' dir='ltr'><strong>templum</strong></span> <span class='ocrx_word' id='word_1_24' title='bbox 1448 449 1499 477; x_wconf 89' lang='lat' dir='ltr'><strong>ex</strong></span> <span class='ocrx_word' id='word_1_25' title='bbox 1536 438 1733 487; x_wconf 74' lang='lat' dir='ltr'><strong>exemplis</strong></span> <span class='ocrx_word' id='word_1_26' title='bbox 1773 439 1908 477; x_wconf 90' lang='lat' dir='ltr'><strong>elucet</strong></span> <span class='ocrx_word' id='word_1_27' title='bbox 1936 437 2023 477; x_wconf 83' lang='lat' dir='ltr'><strong>his:</strong></span> <span class='ocrx_word' id='word_1_28' title='bbox 2081 438 2179 479; x_wconf 85' lang='lat' dir='ltr'><strong>Silv.</strong></span> <span class='ocrx_word' id='word_1_29' title='bbox 2212 442 2249 487; x_wconf 83' lang='grc'><strong>3,</strong></span> <span class='ocrx_word' id='word_1_30' title='bbox 2286 442 2319 486; x_wconf 85' lang='lat'><strong>1,</strong></span> <span class='ocrx_word' id='word_1_31' title='bbox 2354 440 2393 475; x_wconf 84' lang='lat'><strong>3.</strong></span> 
     </span>
     <span class='ocr_line' id='line_1_4' title="bbox 179 501 2394 561; baseline -0.002 -12"><span class='ocrx_word' id='word_1_32' title='bbox 179 507 315 561; x_wconf 85' lang='lat' dir='ltr'><strong>&#39;Quod</strong></span> <span class='ocrx_word' id='word_1_33' title='bbox 347 503 493 548; x_wconf 89' lang='lat' dir='ltr'><strong>coleris</strong></span> <span class='ocrx_word' id='word_1_34' title='bbox 533 502 685 542; x_wconf 86' lang='lat' dir='ltr'><strong>maiore</strong></span> <span class='ocrx_word' id='word_1_35' title='bbox 726 501 863 553; x_wconf 80' lang='lat' dir='ltr'><strong>tholo’,</strong></span> <span class='ocrx_word' id='word_1_36' title='bbox 900 507 930 553; x_wconf 89' lang='grc'><strong>1,</strong></span> <span class='ocrx_word' id='word_1_37' title='bbox 951 506 988 554; x_wconf 87' lang='grc'><strong>4,</strong></span> <span class='ocrx_word' id='word_1_38' title='bbox 1009 506 1071 542; x_wconf 89' lang='lat'><strong>33.</strong></span> <span class='ocrx_word' id='word_1_39' title='bbox 1128 502 1197 542; x_wconf 88' lang='lat' dir='ltr'><strong>’Et</strong></span> <span class='ocrx_word' id='word_1_40' title='bbox 1225 502 1339 543; x_wconf 85' lang='lat' dir='ltr'><strong>dives</strong></span> <span class='ocrx_word' id='word_1_41' title='bbox 1378 503 1555 553; x_wconf 76' lang='lat' dir='ltr'><strong>praedae</strong></span> <span class='ocrx_word' id='word_1_42' title='bbox 1582 507 1717 545; x_wconf 90' lang='lat' dir='ltr'><strong>tamen</strong></span> <span class='ocrx_word' id='word_1_43' title='bbox 1746 502 1900 553; x_wconf 89' lang='lat' dir='ltr'><strong>accipit</strong></span> <span class='ocrx_word' id='word_1_44' title='bbox 1928 503 2034 543; x_wconf 89' lang='lat' dir='ltr'><strong>omni</strong></span> <span class='ocrx_word' id='word_1_45' title='bbox 2054 503 2237 544; x_wconf 84' lang='lat' dir='ltr'><strong>Exuvias</strong></span> <span class='ocrx_word' id='word_1_46' title='bbox 2256 503 2394 544; x_wconf 84' lang='lat' dir='ltr'><strong>Diana</strong></span> 
     </span>
     <span class='ocr_line' id='line_1_5' title="bbox 185 568 2389 622; baseline -0.003 -8"><span class='ocrx_word' id='word_1_47' title='bbox 185 574 319 614; x_wconf 73' lang='lat' dir='ltr'><strong>tholo’.</strong></span> <span class='ocrx_word' id='word_1_48' title='bbox 397 577 428 622; x_wconf 82' lang='lat'><strong>1,</strong></span> <span class='ocrx_word' id='word_1_49' title='bbox 457 573 496 617; x_wconf 89' lang='lat'><strong>4,</strong></span> <span class='ocrx_word' id='word_1_50' title='bbox 527 572 576 606; x_wconf 87' lang='grc'><strong>99</strong></span> <span class='ocrx_word' id='word_1_51' title='bbox 608 569 732 608; x_wconf 83' lang='lat' dir='ltr'><strong>&#39;tholo</strong></span> <span class='ocrx_word' id='word_1_52' title='bbox 773 568 1047 617; x_wconf 85' lang='lat' dir='ltr'><strong>quodcumque</strong></span> <span class='ocrx_word' id='word_1_53' title='bbox 1087 568 1163 607; x_wconf 89' lang='lat' dir='ltr'><strong>tibi</strong></span> <span class='ocrx_word' id='word_1_54' title='bbox 1191 568 1370 608; x_wconf 78' lang='lat' dir='ltr'><strong>Troiana</strong></span> <span class='ocrx_word' id='word_1_55' title='bbox 1411 568 1594 608; x_wconf 88' lang='lat' dir='ltr'><strong>recondit</strong></span> <span class='ocrx_word' id='word_1_56' title='bbox 1636 569 1884 619; x_wconf 86' lang='lat' dir='ltr'><strong>Pergamus&#39;.</strong></span> <span class='ocrx_word' id='word_1_57' title='bbox 1962 568 2165 608; x_wconf 85' lang='lat' dir='ltr'><strong>Nobilium</strong></span> <span class='ocrx_word' id='word_1_58' title='bbox 2193 569 2389 609; x_wconf 85' lang='lat' dir='ltr'><strong>Romano-</strong></span> 
     </span>
     <span class='ocr_line' id='line_1_6' title="bbox 184 633 2394 689; baseline -0.002 -10"><span class='ocrx_word' id='word_1_59' title='bbox 184 652 284 689; x_wconf 87' lang='lat' dir='ltr'><strong>rum,</strong></span> <span class='ocrx_word' id='word_1_60' title='bbox 314 637 381 687; x_wconf 89' lang='lat' dir='ltr'><strong>qui</strong></span> <span class='ocrx_word' id='word_1_61' title='bbox 411 633 587 686; x_wconf 81' lang='lat' dir='ltr'><strong>profusis</strong></span> <span class='ocrx_word' id='word_1_62' title='bbox 616 635 841 683; x_wconf 80' lang='lat' dir='ltr'><strong>sumptibus</strong></span> <span class='ocrx_word' id='word_1_63' title='bbox 871 634 1070 684; x_wconf 82' lang='lat' dir='ltr'>vixerant,</span> <span class='ocrx_word' id='word_1_64' title='bbox 1100 634 1287 684; x_wconf 86' lang='lat' dir='ltr'><strong>sepulcra</strong></span> <span class='ocrx_word' id='word_1_65' title='bbox 1316 635 1553 684; x_wconf 86' lang='lat' dir='ltr'><strong>templorum</strong></span> <span class='ocrx_word' id='word_1_66' title='bbox 1582 636 1757 684; x_wconf 72' lang='lat' dir='ltr'><strong>speciem</strong></span> <span class='ocrx_word' id='word_1_67' title='bbox 1783 635 2034 684; x_wconf 78' lang='lat' dir='ltr'><strong>praebuisse,</strong></span> <span class='ocrx_word' id='word_1_68' title='bbox 2064 634 2210 683; x_wconf 87' lang='lat' dir='ltr'><strong>quibus</strong></span> <span class='ocrx_word' id='word_1_69' title='bbox 2231 635 2394 675; x_wconf 81' lang='lat' dir='ltr'><strong>defunc·</strong></span> 
     </span>
     <span class='ocr_line' id='line_1_7' title="bbox 186 699 2396 751; baseline -0.002 -5"><span class='ocrx_word' id='word_1_70' title='bbox 186 712 316 746; x_wconf 88' lang='lat' dir='ltr'><strong>torum</strong></span> <span class='ocrx_word' id='word_1_71' title='bbox 344 704 435 742; x_wconf 88' lang='lat' dir='ltr'><strong>laus</strong></span> <span class='ocrx_word' id='word_1_72' title='bbox 463 712 542 740; x_wconf 88' lang='lat' dir='ltr'><strong>non</strong></span> <span class='ocrx_word' id='word_1_73' title='bbox 572 700 623 740; x_wconf 87' lang='lat' dir='ltr'><strong>ad</strong></span> <span class='ocrx_word' id='word_1_74' title='bbox 654 700 791 751; x_wconf 87' lang='lat' dir='ltr'><strong>exigui</strong></span> <span class='ocrx_word' id='word_1_75' title='bbox 819 699 1162 751; x_wconf 79' lang='lat' dir='ltr'><strong>praedicationem</strong></span> <span class='ocrx_word' id='word_1_76' title='bbox 1193 699 1391 750; x_wconf 89' lang='lat' dir='ltr'><strong>temporis</strong></span> <span class='ocrx_word' id='word_1_77' title='bbox 1421 700 1493 741; x_wconf 87' lang='lat' dir='ltr'><strong>sed</strong></span> <span class='ocrx_word' id='word_1_78' title='bbox 1521 700 1601 741; x_wconf 91' lang='lat' dir='ltr'><strong>fixa</strong></span> <span class='ocrx_word' id='word_1_79' title='bbox 1629 701 1682 741; x_wconf 86' lang='lat' dir='ltr'><strong>ad</strong></span> <span class='ocrx_word' id='word_1_80' title='bbox 1723 700 1957 741; x_wconf 74' lang='lat' dir='ltr'><strong>memoriam</strong></span> <span class='ocrx_word' id='word_1_81' title='bbox 1986 700 2146 741; x_wconf 91' lang='lat' dir='ltr'><strong>illorum</strong></span> <span class='ocrx_word' id='word_1_82' title='bbox 2186 702 2396 751; x_wconf 86' lang='lat' dir='ltr'><strong>sempiter-</strong></span> 
     </span>
     <span class='ocr_line' id='line_1_8' title="bbox 185 766 2397 818; baseline -0.002 -8"><span class='ocrx_word' id='word_1_83' title='bbox 185 782 278 811; x_wconf 86' lang='lat' dir='ltr'><strong>uam</strong></span> <span class='ocrx_word' id='word_1_84' title='bbox 306 772 561 815; x_wconf 84' lang='lat' dir='ltr'><strong>sacraretur,</strong></span> <span class='ocrx_word' id='word_1_85' title='bbox 606 769 652 805; x_wconf 94' lang='lat' dir='ltr'><strong>ut</strong></span> <span class='ocrx_word' id='word_1_86' title='bbox 680 778 729 805; x_wconf 88' lang='lat' dir='ltr'><strong>ex</strong></span> <span class='ocrx_word' id='word_1_87' title='bbox 758 766 968 806; x_wconf 85' lang='lat' dir='ltr'><strong>literarum</strong></span> <span class='ocrx_word' id='word_1_88' title='bbox 998 771 1172 816; x_wconf 89' lang='lat' dir='ltr'><strong>apparet</strong></span> <span class='ocrx_word' id='word_1_89' title='bbox 1213 766 1459 806; x_wconf 85' lang='lat' dir='ltr'><strong>testimoniis</strong></span> <span class='ocrx_word' id='word_1_90' title='bbox 1496 766 1558 806; x_wconf 88' lang='lat' dir='ltr'><strong>ita</strong></span> <span class='ocrx_word' id='word_1_91' title='bbox 1586 779 1637 807; x_wconf 90' lang='lat' dir='ltr'><strong>ex</strong></span> <span class='ocrx_word' id='word_1_92' title='bbox 1678 766 1782 818; x_wconf 81' lang='lat' dir='ltr'><strong>ipsis</strong></span> <span class='ocrx_word' id='word_1_93' title='bbox 1810 772 2153 807; x_wconf 88' lang='lat' dir='ltr'><strong>monumentorum</strong></span> <span class='ocrx_word' id='word_1_94' title='bbox 2183 766 2397 816; x_wconf 83' lang='lat' dir='ltr'><strong>relliquiis,</strong></span> 
     </span>
     <span class='ocr_line' id='line_1_9' title="bbox 181 831 2398 886; baseline -0.002 -9"><span class='ocrx_word' id='word_1_95' title='bbox 181 847 291 886; x_wconf 83' lang='lat' dir='ltr'><strong>quae</strong></span> <span class='ocrx_word' id='word_1_96' title='bbox 319 832 481 884; x_wconf 90' lang='lat' dir='ltr'><strong>quidem</strong></span> <span class='ocrx_word' id='word_1_97' title='bbox 510 844 560 873; x_wconf 91' lang='lat' dir='ltr'><strong>ex</strong></span> <span class='ocrx_word' id='word_1_98' title='bbox 588 835 983 883; x_wconf 79' lang='lat' dir='ltr'><strong>parte·vetustatem</strong></span> <span class='ocrx_word' id='word_1_99' title='bbox 1012 832 1213 884; x_wconf 89' lang='lat' dir='ltr'><strong>tulerunt,</strong></span> <span class='ocrx_word' id='word_1_100' title='bbox 1257 832 1359 874; x_wconf 88' lang='lat' dir='ltr'><strong>licet</strong></span> <span class='ocrx_word' id='word_1_101' title='bbox 1386 831 1537 884; x_wconf 85' lang='lat' dir='ltr'><strong>colligi.</strong></span> <span class='ocrx_word' id='word_1_102' title='bbox 1618 833 1800 874; x_wconf 89' lang='lat' dir='ltr'><strong>Provoco</strong></span> <span class='ocrx_word' id='word_1_103' title='bbox 1830 833 1885 873; x_wconf 88' lang='lat' dir='ltr'><strong>ad</strong></span> <span class='ocrx_word' id='word_1_104' title='bbox 1923 832 2152 883; x_wconf 86' lang='lat' dir='ltr'><strong>sepulcrum</strong></span> <span class='ocrx_word' id='word_1_105' title='bbox 2191 831 2398 873; x_wconf 82' lang='lat' dir='ltr'><strong>Caeciliae</strong></span> 
     </span>
     <span class='ocr_line' id='line_1_10' title="bbox 186 898 2398 949; baseline -0.001 -9"><span class='ocrx_word' id='word_1_106' title='bbox 186 901 379 940; x_wconf 86' lang='lat' dir='ltr'><strong>Metellae</strong></span> <span class='ocrx_word' id='word_1_107' title='bbox 408 900 451 938; x_wconf 91' lang='lat' dir='ltr'><strong>in</strong></span> <span class='ocrx_word' id='word_1_108' title='bbox 480 899 556 939; x_wconf 87' lang='lat' dir='ltr'><strong>via·</strong></span> <span class='ocrx_word' id='word_1_109' title='bbox 577 899 713 948; x_wconf 86' lang='lat' dir='ltr'><strong>Appia</strong></span> <span class='ocrx_word' id='word_1_110' title='bbox 742 899 882 949; x_wconf 89' lang='lat' dir='ltr'><strong>situm,</strong></span> <span class='ocrx_word' id='word_1_111' title='bbox 911 899 965 937; x_wconf 86' lang='lat' dir='ltr'><strong>ad</strong></span> <span class='ocrx_word' id='word_1_112' title='bbox 993 899 1206 938; x_wconf 85' lang='lat' dir='ltr'><strong>Messalini</strong></span> <span class='ocrx_word' id='word_1_113' title='bbox 1238 899 1384 938; x_wconf 86' lang='lat' dir='ltr'><strong>Cottae</strong></span> <span class='ocrx_word' id='word_1_114' title='bbox 1413 898 1602 948; x_wconf 90' lang='lat' dir='ltr'><strong>aliaque,</strong></span> <span class='ocrx_word' id='word_1_115' title='bbox 1634 910 1737 947; x_wconf 91' lang='lat' dir='ltr'><strong>quae</strong></span> <span class='ocrx_word' id='word_1_116' title='bbox 1765 899 1832 938; x_wconf 77' lang='lat' dir='ltr'><strong>vel</strong></span> <span class='ocrx_word' id='word_1_117' title='bbox 1863 899 2019 938; x_wconf 90' lang='lat' dir='ltr'><strong>duobus</strong></span> <span class='ocrx_word' id='word_1_118' title='bbox 2049 898 2250 938; x_wconf 86' lang='lat' dir='ltr'><strong>tabulatis</strong></span> <span class='ocrx_word' id='word_1_119' title='bbox 2280 904 2398 938; x_wconf 88' lang='lat' dir='ltr'><strong>erant</strong></span> 
     </span>
     <span class='ocr_line' id='line_1_11' title="bbox 186 963 2399 1016; baseline -0.002 -8"><span class='ocrx_word' id='word_1_120' title='bbox 186 977 410 1016; x_wconf 85' lang='lat' dir='ltr'><strong>suspensa,</strong></span> <span class='ocrx_word' id='word_1_121' title='bbox 439 965 490 1005; x_wconf 89' lang='lat' dir='ltr'><strong>de</strong></span> <span class='ocrx_word' id='word_1_122' title='bbox 519 965 690 1015; x_wconf 89' lang='lat' dir='ltr'><strong>quibus,</strong></span> <span class='ocrx_word' id='word_1_123' title='bbox 727 965 763 1006; x_wconf 93' lang='lat' dir='ltr'><strong>si</strong></span> <span class='ocrx_word' id='word_1_124' title='bbox 792 965 953 1015; x_wconf 78' lang='lat' dir='ltr'><strong>placet,</strong></span> <span class='ocrx_word' id='word_1_125' title='bbox 984 964 1028 1005; x_wconf 87' lang='lat' dir='ltr'><strong>cf</strong></span> <span class='ocrx_word' id='word_1_126' title='bbox 1052 964 1266 1005; x_wconf 89' lang='lat' dir='ltr'><strong>Caninam:</strong></span> <span class='ocrx_word' id='word_1_127' title='bbox 1306 963 1386 1004; x_wconf 91' lang='lat' dir='ltr'><strong>Via</strong></span> <span class='ocrx_word' id='word_1_128' title='bbox 1414 964 1550 1014; x_wconf 89' lang='lat' dir='ltr'><strong>Appia</strong></span> <span class='ocrx_word' id='word_1_129' title='bbox 1577 969 1620 1005; x_wconf 92' lang='lat' dir='ltr'><strong>et</strong></span> <span class='ocrx_word' id='word_1_130' title='bbox 1646 965 1785 1005; x_wconf 92' lang='lat' dir='ltr'><strong>Revue</strong></span> <span class='ocrx_word' id='word_1_131' title='bbox 1820 965 1998 1005; x_wconf 79' lang='lat' dir='ltr'><strong>archeol.</strong></span> <span class='ocrx_word' id='word_1_132' title='bbox 2060 968 2176 1014; x_wconf 75' lang='lat'><strong>186²,</strong></span> <span class='ocrx_word' id='word_1_133' title='bbox 2206 970 2300 1004; x_wconf 88' lang='lat' dir='ltr'><strong>tom.</strong></span> <span class='ocrx_word' id='word_1_134' title='bbox 2331 964 2399 1004; x_wconf 86' lang='lat' dir='ltr'><strong>VI.</strong></span> 
     </span>
     <span class='ocr_line' id='line_1_12' title="bbox 186 1029 2401 1082; baseline -0 -10"><span class='ocrx_word' id='word_1_135' title='bbox 186 1032 234 1073; x_wconf 90' lang='lat' dir='ltr'><strong>In</strong></span> <span class='ocrx_word' id='word_1_136' title='bbox 264 1031 408 1081; x_wconf 92' lang='lat' dir='ltr'><strong>quibus</strong></span> <span class='ocrx_word' id='word_1_137' title='bbox 437 1031 503 1072; x_wconf 91' lang='lat' dir='ltr'><strong>vel</strong></span> <span class='ocrx_word' id='word_1_138' title='bbox 532 1030 695 1071; x_wconf 88' lang='lat' dir='ltr'><strong>maximi</strong></span> <span class='ocrx_word' id='word_1_139' title='bbox 724 1030 917 1072; x_wconf 86' lang='lat' dir='ltr'><strong>momenti</strong></span> <span class='ocrx_word' id='word_1_140' title='bbox 947 1035 1011 1072; x_wconf 91' lang='lat' dir='ltr'><strong>est</strong></span> <span class='ocrx_word' id='word_1_141' title='bbox 1039 1030 1083 1071; x_wconf 90' lang='lat' dir='ltr'><strong>id</strong></span> <span class='ocrx_word' id='word_1_142' title='bbox 1104 1029 1248 1082; x_wconf 86' lang='lat' dir='ltr'><strong>ipsum,</strong></span> <span class='ocrx_word' id='word_1_143' title='bbox 1279 1030 1329 1071; x_wconf 92' lang='lat' dir='ltr'><strong>de</strong></span> <span class='ocrx_word' id='word_1_144' title='bbox 1359 1041 1436 1080; x_wconf 91' lang='lat' dir='ltr'><strong>quo</strong></span> <span class='ocrx_word' id='word_1_145' title='bbox 1466 1030 1731 1082; x_wconf 88' lang='lat' dir='ltr'><strong>disputamus,</strong></span> <span class='ocrx_word' id='word_1_146' title='bbox 1759 1030 1979 1072; x_wconf 84' lang='lat' dir='ltr'><strong>Priscillae</strong></span> <span class='ocrx_word' id='word_1_147' title='bbox 2008 1030 2266 1082; x_wconf 89' lang='lat' dir='ltr'><strong>sepulcrum,</strong></span> <span class='ocrx_word' id='word_1_148' title='bbox 2297 1030 2401 1081; x_wconf 89' lang='lat' dir='ltr'><strong>quod</strong></span> 
     </span>
     <span class='ocr_line' id='line_1_13' title="bbox 185 1096 2401 1148; baseline -0 -11"><span class='ocrx_word' id='word_1_149' title='bbox 185 1103 368 1138; x_wconf 87' lang='lat' dir='ltr'><strong>aetatem</strong></span> <span class='ocrx_word' id='word_1_150' title='bbox 398 1098 508 1136; x_wconf 92' lang='lat' dir='ltr'><strong>tulit.</strong></span> <span class='ocrx_word' id='word_1_151' title='bbox 566 1097 673 1148; x_wconf 92' lang='lat' dir='ltr'><strong>Quid</strong></span> <span class='ocrx_word' id='word_1_152' title='bbox 700 1109 819 1147; x_wconf 82' lang='lat' dir='ltr'><strong>porro</strong></span> <span class='ocrx_word' id='word_1_153' title='bbox 849 1101 1120 1148; x_wconf 87' lang='lat' dir='ltr'><strong>argumenter,</strong></span> <span class='ocrx_word' id='word_1_154' title='bbox 1149 1108 1230 1145; x_wconf 87' lang='lat' dir='ltr'><strong>qua</strong></span> <span class='ocrx_word' id='word_1_155' title='bbox 1258 1097 1308 1136; x_wconf 92' lang='lat' dir='ltr'><strong>de</strong></span> <span class='ocrx_word' id='word_1_156' title='bbox 1336 1108 1381 1136; x_wconf 94' lang='lat' dir='ltr'><strong>re</strong></span> <span class='ocrx_word' id='word_1_157' title='bbox 1410 1096 1600 1136; x_wconf 87' lang='lat' dir='ltr'><strong>dubitare</strong></span> <span class='ocrx_word' id='word_1_158' title='bbox 1628 1108 1706 1136; x_wconf 74' lang='lat' dir='ltr'><strong>non</strong></span> <span class='ocrx_word' id='word_1_159' title='bbox 1735 1097 1900 1146; x_wconf 80' lang='lat' dir='ltr'><strong>possis?</strong></span> <span class='ocrx_word' id='word_1_160' title='bbox 1929 1096 2040 1146; x_wconf 79' lang='lat' dir='ltr'><strong>pleni</strong></span> <span class='ocrx_word' id='word_1_161' title='bbox 2069 1100 2165 1136; x_wconf 90' lang='lat' dir='ltr'><strong>sunt</strong></span> <span class='ocrx_word' id='word_1_162' title='bbox 2184 1096 2401 1145; x_wconf 81' lang='lat' dir='ltr'><strong>antiquita-</strong></span> 
     </span>
     <span class='ocr_line' id='line_1_14' title="bbox 187 1161 2400 1213; baseline -0.001 -10"><span class='ocrx_word' id='word_1_163' title='bbox 187 1163 242 1203; x_wconf 91' lang='lat' dir='ltr'><strong>tis</strong></span> <span class='ocrx_word' id='word_1_164' title='bbox 272 1162 395 1213; x_wconf 87' lang='lat' dir='ltr'><strong>libri,</strong></span> <span class='ocrx_word' id='word_1_165' title='bbox 437 1162 559 1211; x_wconf 86' lang='lat' dir='ltr'><strong>plena</strong></span> <span class='ocrx_word' id='word_1_166' title='bbox 587 1162 908 1203; x_wconf 90' lang='lat' dir='ltr'><strong>testimoniorum</strong></span> <span class='ocrx_word' id='word_1_167' title='bbox 937 1165 1149 1212; x_wconf 88' lang='lat' dir='ltr'><strong>vetustas,</strong></span> <span class='ocrx_word' id='word_1_168' title='bbox 1189 1162 1336 1211; x_wconf 87' lang='lat' dir='ltr'><strong>plenae</strong></span> <span class='ocrx_word' id='word_1_169' title='bbox 1361 1167 1723 1212; x_wconf 85' lang='lat' dir='ltr'><strong>monumentorum,</strong></span> <span class='ocrx_word' id='word_1_170' title='bbox 1765 1174 1867 1211; x_wconf 87' lang='lat' dir='ltr'><strong>quae</strong></span> <span class='ocrx_word' id='word_1_171' title='bbox 1896 1166 2143 1212; x_wconf 87' lang='lat' dir='ltr'><strong>supersunt,</strong></span> <span class='ocrx_word' id='word_1_172' title='bbox 2172 1161 2400 1211; x_wconf 86' lang='lat' dir='ltr'><strong>relliquiae.</strong></span> 
     </span>
     <span class='ocr_line' id='line_1_15' title="bbox 182 1226 2402 1280; baseline 0 -12"><span class='ocrx_word' id='word_1_173' title='bbox 182 1228 279 1280; x_wconf 83' lang='lat' dir='ltr'><strong>Qua</strong></span> <span class='ocrx_word' id='word_1_174' title='bbox 308 1227 350 1268; x_wconf 92' lang='lat' dir='ltr'><strong>iu</strong></span> <span class='ocrx_word' id='word_1_175' title='bbox 378 1239 424 1268; x_wconf 91' lang='lat' dir='ltr'><strong>re</strong></span> <span class='ocrx_word' id='word_1_176' title='bbox 453 1228 528 1269; x_wconf 88' lang='lat' dir='ltr'><strong>hoc</strong></span> <span class='ocrx_word' id='word_1_177' title='bbox 556 1227 728 1269; x_wconf 85' lang='lat' dir='ltr'><strong>maxime</strong></span> <span class='ocrx_word' id='word_1_178' title='bbox 755 1227 922 1279; x_wconf 88' lang='lat' dir='ltr'><strong>mirum,</strong></span> <span class='ocrx_word' id='word_1_179' title='bbox 962 1228 1068 1278; x_wconf 90' lang='lat' dir='ltr'><strong>quod</strong></span> <span class='ocrx_word' id='word_1_180' title='bbox 1094 1228 1355 1268; x_wconf 87' lang='lat' dir='ltr'><strong>Abascantus</strong></span> <span class='ocrx_word' id='word_1_181' title='bbox 1385 1226 1557 1268; x_wconf 83' lang='lat' dir='ltr'><strong>maxime</strong></span> <span class='ocrx_word' id='word_1_182' title='bbox 1587 1228 1810 1278; x_wconf 77' lang='lat' dir='ltr'><strong>spectavit,</strong></span> <span class='ocrx_word' id='word_1_183' title='bbox 1851 1232 1896 1268; x_wconf 89' lang='lat' dir='ltr'><strong>ut</strong></span> <span class='ocrx_word' id='word_1_184' title='bbox 1924 1226 2143 1268; x_wconf 82' lang='lat' dir='ltr'><strong>Priscillae</strong></span> <span class='ocrx_word' id='word_1_185' title='bbox 2172 1239 2319 1278; x_wconf 86' lang='lat' dir='ltr'><strong>corpus</strong></span> <span class='ocrx_word' id='word_1_186' title='bbox 2349 1227 2402 1268; x_wconf 91' lang='lat' dir='ltr'><strong>ad</strong></span> 
     </span>
     <span class='ocr_line' id='line_1_16' title="bbox 188 1292 2400 1343; baseline 0 -11"><span class='ocrx_word' id='word_1_187' title='bbox 188 1293 509 1332; x_wconf 83' lang='lat' dir='ltr'><strong>immortalitatis</strong></span> <span class='ocrx_word' id='word_1_188' title='bbox 539 1294 774 1332; x_wconf 85' lang='lat' dir='ltr'><strong>memoriam</strong></span> <span class='ocrx_word' id='word_1_189' title='bbox 805 1297 1142 1343; x_wconf 89' lang='lat' dir='ltr'><strong>conservaretur,</strong></span> <span class='ocrx_word' id='word_1_190' title='bbox 1190 1292 1227 1332; x_wconf 88' lang='lat' dir='ltr'><strong>si</strong></span> <span class='ocrx_word' id='word_1_191' title='bbox 1256 1293 1299 1332; x_wconf 92' lang='lat' dir='ltr'><strong>id</strong></span> <span class='ocrx_word' id='word_1_192' title='bbox 1328 1305 1372 1332; x_wconf 90' lang='lat' dir='ltr'><strong>re</strong></span> <span class='ocrx_word' id='word_1_193' title='bbox 1401 1305 1502 1333; x_wconf 85' lang='lat' dir='ltr'><strong>vera</strong></span> <span class='ocrx_word' id='word_1_194' title='bbox 1530 1294 1691 1343; x_wconf 89' lang='lat' dir='ltr'><strong>evenit,</strong></span> <span class='ocrx_word' id='word_1_195' title='bbox 1734 1294 1837 1342; x_wconf 88' lang='lat' dir='ltr'><strong>quod</strong></span> <span class='ocrx_word' id='word_1_196' title='bbox 1866 1293 2028 1342; x_wconf 88' lang='lat' dir='ltr'><strong>quidam</strong></span> <span class='ocrx_word' id='word_1_197' title='bbox 2069 1297 2260 1333; x_wconf 88' lang='lat' dir='ltr'><strong>auctores</strong></span> <span class='ocrx_word' id='word_1_198' title='bbox 2290 1298 2400 1333; x_wconf 90' lang='lat' dir='ltr'><strong>sunt.</strong></span> 
     </span>
     <span class='ocr_line' id='line_1_17' title="bbox 181 1358 2403 1409; baseline 0 -10"><span class='ocrx_word' id='word_1_199' title='bbox 181 1358 316 1409; x_wconf 80' lang='lat' dir='ltr'><strong>Quem</strong></span> <span class='ocrx_word' id='word_1_200' title='bbox 344 1359 448 1399; x_wconf 91' lang='lat' dir='ltr'><strong>enim</strong></span> <span class='ocrx_word' id='word_1_201' title='bbox 477 1359 607 1400; x_wconf 89' lang='lat' dir='ltr'><strong>locum</strong></span> <span class='ocrx_word' id='word_1_202' title='bbox 636 1360 815 1409; x_wconf 89' lang='lat' dir='ltr'><strong>sepulcri</strong></span> <span class='ocrx_word' id='word_1_203' title='bbox 844 1359 1053 1400; x_wconf 90' lang='lat' dir='ltr'><strong>Antistiae</strong></span> <span class='ocrx_word' id='word_1_204' title='bbox 1094 1359 1311 1400; x_wconf 89' lang='lat' dir='ltr'><strong>Priscillae</strong></span> <span class='ocrx_word' id='word_1_205' title='bbox 1351 1359 1508 1400; x_wconf 88' lang='lat' dir='ltr'><strong>Statius</strong></span> <span class='ocrx_word' id='word_1_206' title='bbox 1551 1359 1857 1399; x_wconf 88' lang='lat' dir='ltr'><strong>accuratissime</strong></span> <span class='ocrx_word' id='word_1_207' title='bbox 1886 1359 2082 1399; x_wconf 90' lang='lat' dir='ltr'><strong>describit</strong></span> <span class='ocrx_word' id='word_1_208' title='bbox 2096 1391 2106 1409; x_wconf 91' lang='lat'><strong>,</strong></span> <span class='ocrx_word' id='word_1_209' title='bbox 2150 1364 2403 1399; x_wconf 89' lang='lat' dir='ltr'><strong>exstructum</strong></span> 
     </span>
     <span class='ocr_line' id='line_1_18' title="bbox 189 1421 2401 1476; baseline 0.001 -12"><span class='ocrx_word' id='word_1_210' title='bbox 189 1423 318 1465; x_wconf 84' lang='lat' dir='ltr'><strong>fuisse</strong></span> <span class='ocrx_word' id='word_1_211' title='bbox 347 1423 464 1464; x_wconf 90' lang='lat' dir='ltr'><strong>initio</strong></span> <span class='ocrx_word' id='word_1_212' title='bbox 493 1424 587 1466; x_wconf 89' lang='lat' dir='ltr'><strong>viae</strong></span> <span class='ocrx_word' id='word_1_213' title='bbox 616 1424 774 1475; x_wconf 88' lang='lat' dir='ltr'><strong>Appiae</strong></span> <span class='ocrx_word' id='word_1_214' title='bbox 804 1425 857 1465; x_wconf 88' lang='lat' dir='ltr'><strong>ad</strong></span> <span class='ocrx_word' id='word_1_215' title='bbox 886 1425 1095 1465; x_wconf 90' lang='lat' dir='ltr'><strong>Almonem</strong></span> <span class='ocrx_word' id='word_1_216' title='bbox 1123 1421 1296 1476; x_wconf 85' lang='lat' dir='ltr'><strong>fontem,</strong></span> <span class='ocrx_word' id='word_1_217' title='bbox 1327 1423 1393 1465; x_wconf 93' lang='lat' dir='ltr'><strong>cui</strong></span> <span class='ocrx_word' id='word_1_218' title='bbox 1421 1423 1524 1465; x_wconf 87' lang='lat' dir='ltr'><strong>fonti</strong></span> <span class='ocrx_word' id='word_1_219' title='bbox 1551 1436 1657 1465; x_wconf 92' lang='lat' dir='ltr'><strong>nunc</strong></span> <span class='ocrx_word' id='word_1_220' title='bbox 1684 1424 1940 1475; x_wconf 89' lang='lat' dir='ltr'><strong>Aquatuccia</strong></span> <span class='ocrx_word' id='word_1_221' title='bbox 1956 1436 2101 1466; x_wconf 89' lang='lat' dir='ltr'><strong>nomen</strong></span> <span class='ocrx_word' id='word_1_222' title='bbox 2130 1429 2218 1476; x_wconf 89' lang='lat' dir='ltr'><strong>est,</strong></span> <span class='ocrx_word' id='word_1_223' title='bbox 2248 1425 2401 1475; x_wconf 84' lang='lat' dir='ltr'><strong>eedem,</strong></span> 
     </span>
     <span class='ocr_line' id='line_1_19' title="bbox 188 1489 2403 1539; baseline 0 -11"><span class='ocrx_word' id='word_1_224' title='bbox 188 1489 232 1528; x_wconf 90' lang='lat' dir='ltr'><strong>id</strong></span> <span class='ocrx_word' id='word_1_225' title='bbox 261 1490 367 1537; x_wconf 90' lang='lat' dir='ltr'><strong>quod</strong></span> <span class='ocrx_word' id='word_1_226' title='bbox 397 1490 593 1529; x_wconf 88' lang='lat' dir='ltr'><strong>Morellus</strong></span> <span class='ocrx_word' id='word_1_227' title='bbox 622 1490 665 1528; x_wconf 89' lang='lat' dir='ltr'><strong>in</strong></span> <span class='ocrx_word' id='word_1_228' title='bbox 694 1491 802 1529; x_wconf 90' lang='lat' dir='ltr'><strong>notis</strong></span> <span class='ocrx_word' id='word_1_229' title='bbox 831 1491 884 1529; x_wconf 89' lang='lat' dir='ltr'><strong>ad</strong></span> <span class='ocrx_word' id='word_1_230' title='bbox 912 1491 1018 1529; x_wconf 90' lang='lat' dir='ltr'><strong>hunc</strong></span> <span class='ocrx_word' id='word_1_231' title='bbox 1047 1490 1172 1529; x_wconf 90' lang='lat' dir='ltr'><strong>Statii</strong></span> <span class='ocrx_word' id='word_1_232' title='bbox 1199 1490 1331 1529; x_wconf 92' lang='lat' dir='ltr'><strong>locum</strong></span> <span class='ocrx_word' id='word_1_233' title='bbox 1360 1493 1522 1539; x_wconf 90' lang='lat' dir='ltr'><strong>narrat,</strong></span> <span class='ocrx_word' id='word_1_234' title='bbox 1551 1490 1594 1528; x_wconf 93' lang='lat' dir='ltr'><strong>in</strong></span> <span class='ocrx_word' id='word_1_235' title='bbox 1621 1489 1972 1539; x_wconf 89' lang='lat' dir='ltr'><strong>praestantissimo</strong></span> <span class='ocrx_word' id='word_1_236' title='bbox 2001 1494 2260 1529; x_wconf 90' lang='lat' dir='ltr'><strong>monumento</strong></span> <span class='ocrx_word' id='word_1_237' title='bbox 2290 1490 2403 1529; x_wconf 87' lang='lat' dir='ltr'><strong>Pris-</strong></span> 
     </span>
     <span class='ocr_line' id='line_1_20' title="bbox 182 1554 2402 1605; baseline 0.001 -12"><span class='ocrx_word' id='word_1_238' title='bbox 182 1554 285 1594; x_wconf 82' lang='lat' dir='ltr'><strong>cilla</strong></span> <span class='ocrx_word' id='word_1_239' title='bbox 314 1555 454 1594; x_wconf 89' lang='lat' dir='ltr'><strong>eadem</strong></span> <span class='ocrx_word' id='word_1_240' title='bbox 483 1555 649 1595; x_wconf 90' lang='lat' dir='ltr'><strong>condita</strong></span> <span class='ocrx_word' id='word_1_241' title='bbox 678 1563 720 1595; x_wconf 90' lang='lat' dir='ltr'><strong>et</strong></span> <span class='ocrx_word' id='word_1_242' title='bbox 750 1556 907 1596; x_wconf 85' lang='lat' dir='ltr'><strong>siccata</strong></span> <span class='ocrx_word' id='word_1_243' title='bbox 934 1555 1124 1595; x_wconf 90' lang='lat' dir='ltr'><strong>membris</strong></span> <span class='ocrx_word' id='word_1_244' title='bbox 1153 1555 1329 1605; x_wconf 87' lang='lat' dir='ltr'><strong>integris</strong></span> <span class='ocrx_word' id='word_1_245' title='bbox 1357 1555 1527 1596; x_wconf 90' lang='lat' dir='ltr'><strong>inventa</strong></span> <span class='ocrx_word' id='word_1_246' title='bbox 1556 1567 1649 1595; x_wconf 93' lang='lat' dir='ltr'><strong>esse</strong></span> <span class='ocrx_word' id='word_1_247' title='bbox 1678 1555 1829 1595; x_wconf 89' lang='lat' dir='ltr'><strong>dicitur</strong></span> <span class='ocrx_word' id='word_1_248' title='bbox 1857 1567 1894 1594; x_wconf 90' lang='lat' dir='ltr'><strong>a.</strong></span> <span class='ocrx_word' id='word_1_249' title='bbox 1917 1559 2016 1595; x_wconf 86' lang='lat'>1471</span> <span class='ocrx_word' id='word_1_250' title='bbox 2050 1555 2165 1596; x_wconf 86' lang='lat' dir='ltr'><strong>Sixto</strong></span> <span class='ocrx_word' id='word_1_251' title='bbox 2195 1555 2254 1595; x_wconf 87' lang='lat' dir='ltr'><strong>IV</strong></span> <span class='ocrx_word' id='word_1_252' title='bbox 2282 1556 2402 1596; x_wconf 88' lang='lat' dir='ltr'><strong>Pont.</strong></span> 
     </span>
     <span class='ocr_line' id='line_1_21' title="bbox 188 1619 2403 1671; baseline 0.001 -12"><span class='ocrx_word' id='word_1_253' title='bbox 188 1619 302 1659; x_wconf 89' lang='lat' dir='ltr'><strong>Rom.</strong></span> <span class='ocrx_word' id='word_1_254' title='bbox 361 1619 418 1660; x_wconf 76' lang='lat' dir='ltr'><strong>Cf.</strong></span> <span class='ocrx_word' id='word_1_255' title='bbox 450 1619 573 1660; x_wconf 84' lang='lat' dir='ltr'><strong>etiam</strong></span> <span class='ocrx_word' id='word_1_256' title='bbox 602 1620 754 1660; x_wconf 88' lang='lat' dir='ltr'><strong>Friedl.</strong></span> <span class='ocrx_word' id='word_1_257' title='bbox 812 1620 864 1660; x_wconf 94' lang='lat' dir='ltr'><strong>H.</strong></span> <span class='ocrx_word' id='word_1_258' title='bbox 893 1632 944 1660; x_wconf 90' lang='lat' dir='ltr'><strong>m.</strong></span> <span class='ocrx_word' id='word_1_259' title='bbox 974 1620 1021 1660; x_wconf 89' lang='lat' dir='ltr'><strong>R.</strong></span> <span class='ocrx_word' id='word_1_260' title='bbox 1050 1620 1072 1660; x_wconf 92' lang='lat' dir='ltr'>I</span> <span class='ocrx_word' id='word_1_261' title='bbox 1098 1632 1137 1671; x_wconf 92' lang='lat' dir='ltr'><strong>p.</strong></span> <span class='ocrx_word' id='word_1_262' title='bbox 1168 1624 1219 1660; x_wconf 86' lang='lat'><strong>82</strong></span> <span class='ocrx_word' id='word_1_263' title='bbox 1250 1624 1293 1661; x_wconf 93' lang='lat' dir='ltr'><strong>et</strong></span> <span class='ocrx_word' id='word_1_264' title='bbox 1321 1632 1425 1670; x_wconf 88' lang='lat' dir='ltr'><strong>quae</strong></span> <span class='ocrx_word' id='word_1_265' title='bbox 1454 1620 1609 1661; x_wconf 88' lang='lat' dir='ltr'><strong>Cauina</strong></span> <span class='ocrx_word' id='word_1_266' title='bbox 1637 1624 1791 1671; x_wconf 88' lang='lat' dir='ltr'><strong>topogr.</strong></span> <span class='ocrx_word' id='word_1_267' title='bbox 1811 1620 1848 1660; x_wconf 90' lang='lat' dir='ltr'><strong>d.</strong></span> <span class='ocrx_word' id='word_1_268' title='bbox 1871 1633 1908 1661; x_wconf 85' lang='lat' dir='ltr'><strong>v.</strong></span> <span class='ocrx_word' id='word_1_269' title='bbox 1928 1620 2064 1671; x_wconf 88' lang='lat' dir='ltr'><strong>Appia</strong></span> <span class='ocrx_word' id='word_1_270' title='bbox 2093 1622 2138 1660; x_wconf 91' lang='lat' dir='ltr'><strong>A.</strong></span> <span class='ocrx_word' id='word_1_271' title='bbox 2161 1620 2200 1660; x_wconf 91' lang='lat' dir='ltr'><strong>d.</strong></span> <span class='ocrx_word' id='word_1_272' title='bbox 2219 1620 2260 1661; x_wconf 84' lang='lat' dir='ltr'><strong>J.</strong></span> <span class='ocrx_word' id='word_1_273' title='bbox 2282 1621 2403 1661; x_wconf 86' lang='lat' dir='ltr'><strong>XXV</strong></span> 
     </span>
     <span class='ocr_line' id='line_1_22' title="bbox 188 1686 2404 1736; baseline 0 -10"><span class='ocrx_word' id='word_1_274' title='bbox 188 1697 227 1735; x_wconf 89' lang='lat' dir='ltr'><strong>p.</strong></span> <span class='ocrx_word' id='word_1_275' title='bbox 263 1690 337 1724; x_wconf 88' lang='lat'><strong>148</strong></span> <span class='ocrx_word' id='word_1_276' title='bbox 368 1686 417 1726; x_wconf 91' lang='lat' dir='ltr'><strong>de</strong></span> <span class='ocrx_word' id='word_1_277' title='bbox 446 1686 673 1726; x_wconf 86' lang='lat' dir='ltr'><strong>Abascanti</strong></span> <span class='ocrx_word' id='word_1_278' title='bbox 702 1687 888 1736; x_wconf 87' lang='lat' dir='ltr'><strong>sepulcro</strong></span> <span class='ocrx_word' id='word_1_279' title='bbox 930 1690 1147 1726; x_wconf 88' lang='lat' dir='ltr'><strong>memorat:</strong></span> <span class='ocrx_word' id='word_1_280' title='bbox 1191 1687 1288 1727; x_wconf 89' lang='lat' dir='ltr'><strong>nell⁷</strong></span> <span class='ocrx_word' id='word_1_281' title='bbox 1318 1686 1472 1727; x_wconf 90' lang='lat' dir='ltr'><strong>osteria</strong></span> <span class='ocrx_word' id='word_1_282' title='bbox 1501 1686 1596 1726; x_wconf 89' lang='lat' dir='ltr'><strong>dell’</strong></span> <span class='ocrx_word' id='word_1_283' title='bbox 1625 1686 1880 1736; x_wconf 87' lang='lat' dir='ltr'><strong>Aquatuccia</strong></span> <span class='ocrx_word' id='word_1_284' title='bbox 1909 1686 1942 1726; x_wconf 91' lang='lat' dir='ltr'><strong>si</strong></span> <span class='ocrx_word' id='word_1_285' title='bbox 1970 1691 2089 1726; x_wconf 77' lang='lat' dir='ltr'><strong>trova</strong></span> <span class='ocrx_word' id='word_1_286' title='bbox 2117 1686 2291 1727; x_wconf 89' lang='lat' dir='ltr'><strong>esistere</strong></span> <span class='ocrx_word' id='word_1_287' title='bbox 2323 1699 2404 1727; x_wconf 90' lang='lat' dir='ltr'><strong>uua</strong></span> 
     </span>
     <span class='ocr_line' id='line_1_23' title="bbox 183 1752 2403 1803; baseline 0 -12"><span class='ocrx_word' id='word_1_288' title='bbox 183 1752 345 1802; x_wconf 78' lang='lat' dir='ltr'><strong>grande</strong></span> <span class='ocrx_word' id='word_1_289' title='bbox 373 1752 547 1801; x_wconf 78' lang='lat' dir='ltr'><strong>reliquia</strong></span> <span class='ocrx_word' id='word_1_290' title='bbox 567 1752 607 1792; x_wconf 92' lang='lat' dir='ltr'><strong>di</strong></span> <span class='ocrx_word' id='word_1_291' title='bbox 628 1754 826 1803; x_wconf 89' lang='lat' dir='ltr'><strong>sepulcro,</strong></span> <span class='ocrx_word' id='word_1_292' title='bbox 857 1754 930 1793; x_wconf 89' lang='lat' dir='ltr'><strong>che</strong></span> <span class='ocrx_word' id='word_1_293' title='bbox 951 1752 1022 1803; x_wconf 80' lang='lat' dir='ltr'><strong>gia</strong></span> <span class='ocrx_word' id='word_1_294' title='bbox 1051 1755 1073 1793; x_wconf 84' lang='lat' dir='ltr'><strong>e</strong></span> <span class='ocrx_word' id='word_1_295' title='bbox 1102 1753 1339 1794; x_wconf 89' lang='lat' dir='ltr'><strong>conosciuta</strong></span> <span class='ocrx_word' id='word_1_296' title='bbox 1368 1765 1441 1802; x_wconf 86' lang='lat' dir='ltr'><strong>per</strong></span> <span class='ocrx_word' id='word_1_297' title='bbox 1467 1753 1508 1793; x_wconf 91' lang='lat' dir='ltr'><strong>le</strong></span> <span class='ocrx_word' id='word_1_298' title='bbox 1537 1753 1842 1802; x_wconf 84' lang='lat' dir='ltr'><strong>pubblicazioni</strong></span> <span class='ocrx_word' id='word_1_299' title='bbox 1871 1753 1938 1792; x_wconf 91' lang='lat' dir='ltr'><strong>del</strong></span> <span class='ocrx_word' id='word_1_300' title='bbox 1966 1752 2153 1792; x_wconf 90' lang='lat' dir='ltr'><strong>Piranesi</strong></span> <span class='ocrx_word' id='word_1_301' title='bbox 2183 1765 2206 1793; x_wconf 91' lang='lat' dir='ltr'><strong>e</strong></span> <span class='ocrx_word' id='word_1_302' title='bbox 2236 1754 2303 1792; x_wconf 89' lang='lat' dir='ltr'><strong>del</strong></span> <span class='ocrx_word' id='word_1_303' title='bbox 2326 1754 2403 1793; x_wconf 87' lang='lat' dir='ltr'><strong>La-</strong></span> 
     </span>
     <span class='ocr_line' id='line_1_24' title="bbox 188 1817 2404 1869; baseline 0.001 -13"><span class='ocrx_word' id='word_1_304' title='bbox 188 1817 329 1857; x_wconf 82' lang='lat' dir='ltr'><strong>bruzzi</strong></span> <span class='ocrx_word' id='word_1_305' title='bbox 360 1818 457 1858; x_wconf 84' lang='lat' dir='ltr'><strong>eche</strong></span> <span class='ocrx_word' id='word_1_306' title='bbox 487 1831 559 1867; x_wconf 82' lang='lat' dir='ltr'><strong>per</strong></span> <span class='ocrx_word' id='word_1_307' title='bbox 587 1818 626 1859; x_wconf 92' lang='lat' dir='ltr'><strong>le</strong></span> <span class='ocrx_word' id='word_1_308' title='bbox 656 1818 773 1859; x_wconf 84' lang='lat' dir='ltr'><strong>varie</strong></span> <span class='ocrx_word' id='word_1_309' title='bbox 802 1818 1007 1859; x_wconf 88' lang='lat' dir='ltr'><strong>iscrizioni</strong></span> <span class='ocrx_word' id='word_1_310' title='bbox 1036 1819 1249 1859; x_wconf 85' lang='lat' dir='ltr'><strong>rinvenute</strong></span> <span class='ocrx_word' id='word_1_311' title='bbox 1278 1819 1388 1859; x_wconf 89' lang='lat' dir='ltr'><strong>nelle</strong></span> <span class='ocrx_word' id='word_1_312' title='bbox 1418 1831 1491 1859; x_wconf 92' lang='lat' dir='ltr'><strong>sue</strong></span> <span class='ocrx_word' id='word_1_313' title='bbox 1520 1819 1739 1869; x_wconf 87' lang='lat' dir='ltr'><strong>adjacenze</strong></span> <span class='ocrx_word' id='word_1_314' title='bbox 1779 1820 1846 1859; x_wconf 90' lang='lat' dir='ltr'><strong>nel</strong></span> <span class='ocrx_word' id='word_1_315' title='bbox 1881 1822 1979 1857; x_wconf 84' lang='lat'>1473</span> <span class='ocrx_word' id='word_1_316' title='bbox 2010 1830 2120 1859; x_wconf 88' lang='lat' dir='ltr'><strong>come</strong></span> <span class='ocrx_word' id='word_1_317' title='bbox 2150 1821 2266 1859; x_wconf 81' lang='lat' dir='ltr'><strong>costa</strong></span> <span class='ocrx_word' id='word_1_318' title='bbox 2296 1820 2404 1860; x_wconf 88' lang='lat' dir='ltr'><strong>delle</strong></span> 
     </span>
     <span class='ocr_line' id='line_1_25' title="bbox 188 1883 2403 1935; baseline 0.001 -13"><span class='ocrx_word' id='word_1_319' title='bbox 188 1883 341 1922; x_wconf 85' lang='lat' dir='ltr'><strong>notizie</strong></span> <span class='ocrx_word' id='word_1_320' title='bbox 382 1883 539 1923; x_wconf 87' lang='lat' dir='ltr'><strong>riferite</strong></span> <span class='ocrx_word' id='word_1_321' title='bbox 582 1885 679 1923; x_wconf 79' lang='lat' dir='ltr'><strong>dall’</strong></span> <span class='ocrx_word' id='word_1_322' title='bbox 709 1885 930 1923; x_wconf 80' lang='lat' dir='ltr'><strong>Amaduzzi</strong></span> <span class='ocrx_word' id='word_1_323' title='bbox 960 1884 1025 1923; x_wconf 91' lang='lat' dir='ltr'><strong>nel</strong></span> <span class='ocrx_word' id='word_1_324' title='bbox 1055 1885 1178 1924; x_wconf 87' lang='lat' dir='ltr'><strong>Tomo</strong></span> <span class='ocrx_word' id='word_1_325' title='bbox 1208 1885 1228 1924; x_wconf 90' lang='grc' dir='ltr'>Ι</span> <span class='ocrx_word' id='word_1_326' title='bbox 1258 1884 1369 1935; x_wconf 86' lang='lat' dir='ltr'><strong>degli</strong></span> <span class='ocrx_word' id='word_1_327' title='bbox 1397 1884 1603 1924; x_wconf 86' lang='lat' dir='ltr'><strong>Aueddoti</strong></span> <span class='ocrx_word' id='word_1_328' title='bbox 1642 1884 1888 1934; x_wconf 88' lang='lat' dir='ltr'><strong>Letterarii,</strong></span> <span class='ocrx_word' id='word_1_329' title='bbox 1930 1883 1965 1923; x_wconf 81' lang='lat' dir='ltr'><strong>si</strong></span> <span class='ocrx_word' id='word_1_330' title='bbox 1995 1884 2189 1924; x_wconf 85' lang='lat' dir='ltr'><strong>conviene</strong></span> <span class='ocrx_word' id='word_1_331' title='bbox 2230 1884 2272 1924; x_wconf 87' lang='lat' dir='ltr'><strong>di</strong></span> <span class='ocrx_word' id='word_1_332' title='bbox 2302 1884 2403 1925; x_wconf 91' lang='lat' dir='ltr'><strong>rico-</strong></span> 
     </span>
     <span class='ocr_line' id='line_1_26' title="bbox 189 1950 1790 1999; baseline 0 -10"><span class='ocrx_word' id='word_1_333' title='bbox 189 1950 378 1990; x_wconf 89' lang='lat' dir='ltr'><strong>noscervi</strong></span> <span class='ocrx_word' id='word_1_334' title='bbox 408 1950 501 1998; x_wconf 89' lang='lat' dir='ltr'><strong>quel</strong></span> <span class='ocrx_word' id='word_1_335' title='bbox 530 1955 717 1991; x_wconf 84' lang='lat' dir='ltr'><strong>sontuoso</strong></span> <span class='ocrx_word' id='word_1_336' title='bbox 748 1951 945 1999; x_wconf 87' lang='lat' dir='ltr'><strong>sepolcr0‚</strong></span> <span class='ocrx_word' id='word_1_337' title='bbox 977 1951 1051 1990; x_wconf 89' lang='lat' dir='ltr'><strong>che</strong></span> <span class='ocrx_word' id='word_1_338' title='bbox 1078 1950 1122 1990; x_wconf 80' lang='lat' dir='ltr'><strong>fu</strong></span> <span class='ocrx_word' id='word_1_339' title='bbox 1151 1955 1283 1991; x_wconf 89' lang='lat' dir='ltr'><strong>eretto</strong></span> <span class='ocrx_word' id='word_1_340' title='bbox 1314 1951 1367 1990; x_wconf 89' lang='lat' dir='ltr'><strong>da</strong></span> <span class='ocrx_word' id='word_1_341' title='bbox 1396 1951 1676 1990; x_wconf 83' lang='lat' dir='ltr'><strong>Abascanto</strong></span> <span class='ocrx_word' id='word_1_342' title='bbox 1713 1953 1790 1990; x_wconf 90' lang='lat' dir='ltr'><strong>etc.</strong></span> 
     </span>
    </p>

    <p class='ocr_par' dir='ltr' id='par_1_3' title="bbox 182 2015 2410 3119">
     <span class='ocr_line' id='line_1_27' title="bbox 386 2015 2402 2066; baseline 0 -11"><span class='ocrx_word' id='word_1_343' title='bbox 386 2015 474 2055; x_wconf 89' lang='lat' dir='ltr'><strong>Non</strong></span> <span class='ocrx_word' id='word_1_344' title='bbox 503 2016 667 2056; x_wconf 89' lang='lat' dir='ltr'><strong>videtur</strong></span> <span class='ocrx_word' id='word_1_345' title='bbox 694 2016 1099 2066; x_wconf 87' lang='lat' dir='ltr'><strong>praetermittendum</strong></span> <span class='ocrx_word' id='word_1_346' title='bbox 1130 2028 1221 2057; x_wconf 91' lang='lat' dir='ltr'><strong>esse</strong></span> <span class='ocrx_word' id='word_1_347' title='bbox 1250 2027 1300 2056; x_wconf 87' lang='lat' dir='ltr'><strong>ne</strong></span> <span class='ocrx_word' id='word_1_348' title='bbox 1330 2016 1371 2056; x_wconf 89' lang='lat' dir='ltr'><strong>id</strong></span> <span class='ocrx_word' id='word_1_349' title='bbox 1393 2016 1553 2065; x_wconf 82' lang='lat' dir='ltr'><strong>quidem</strong></span> <span class='ocrx_word' id='word_1_350' title='bbox 1582 2016 1787 2056; x_wconf 86' lang='lat' dir='ltr'><strong>insolitam</strong></span> <span class='ocrx_word' id='word_1_351' title='bbox 1817 2015 2029 2056; x_wconf 87' lang='lat' dir='ltr'><strong>condiendi</strong></span> <span class='ocrx_word' id='word_1_352' title='bbox 2057 2015 2257 2056; x_wconf 87' lang='lat' dir='ltr'><strong>rationem</strong></span> <span class='ocrx_word' id='word_1_353' title='bbox 2279 2016 2402 2056; x_wconf 86' lang='lat' dir='ltr'><strong>admi-</strong></span> 
     </span>
     <span class='ocr_line' id='line_1_28' title="bbox 189 2080 2401 2129; baseline 0.001 -11"><span class='ocrx_word' id='word_1_354' title='bbox 189 2080 387 2119; x_wconf 86' lang='lat' dir='ltr'><strong>rationem</strong></span> <span class='ocrx_word' id='word_1_355' title='bbox 408 2081 608 2129; x_wconf 87' lang='lat' dir='ltr'><strong>quandam</strong></span> <span class='ocrx_word' id='word_1_356' title='bbox 629 2094 803 2121; x_wconf 89' lang='lat' dir='ltr'><strong>movere.</strong></span> <span class='ocrx_word' id='word_1_357' title='bbox 860 2081 1180 2121; x_wconf 83' lang='lat' dir='ltr'><strong>Admirationem</strong></span> <span class='ocrx_word' id='word_1_358' title='bbox 1201 2081 1291 2121; x_wconf 87' lang='lat' dir='ltr'><strong>dico</strong></span> <span class='ocrx_word' id='word_1_359' title='bbox 1305 2082 1325 2120; x_wconf 78' lang='lat'><strong>¹?</strong></span> <span class='ocrx_word' id='word_1_360' title='bbox 1371 2081 1519 2120; x_wconf 91' lang='lat' dir='ltr'><strong>Nescio</strong></span> <span class='ocrx_word' id='word_1_361' title='bbox 1549 2093 1601 2120; x_wconf 88' lang='lat' dir='ltr'><strong>au</strong></span> <span class='ocrx_word' id='word_1_362' title='bbox 1620 2081 1764 2120; x_wconf 86' lang='lat' dir='ltr'><strong>melius</strong></span> <span class='ocrx_word' id='word_1_363' title='bbox 1795 2080 2063 2129; x_wconf 80' lang='lat' dir='ltr'><strong>suspicionem</strong></span> <span class='ocrx_word' id='word_1_364' title='bbox 2083 2082 2233 2129; x_wconf 88' lang='lat' dir='ltr'><strong>possim</strong></span> <span class='ocrx_word' id='word_1_365' title='bbox 2254 2081 2401 2120; x_wconf 84' lang='lat' dir='ltr'><strong>dicere.</strong></span> 
     </span>
     <span class='ocr_line' id='line_1_29' title="bbox 190 2145 2402 2197; baseline 0 -12"><span class='ocrx_word' id='word_1_366' title='bbox 190 2145 388 2195; x_wconf 82' lang='lat' dir='ltr'><strong>Quoniam</strong></span> <span class='ocrx_word' id='word_1_367' title='bbox 420 2147 524 2187; x_wconf 89' lang='lat' dir='ltr'><strong>enim</strong></span> <span class='ocrx_word' id='word_1_368' title='bbox 554 2147 747 2196; x_wconf 86' lang='lat' dir='ltr'><strong>Poppaea</strong></span> <span class='ocrx_word' id='word_1_369' title='bbox 778 2148 918 2187; x_wconf 83' lang='lat' dir='ltr'><strong>eadem</strong></span> <span class='ocrx_word' id='word_1_370' title='bbox 948 2147 1160 2197; x_wconf 85' lang='lat' dir='ltr'><strong>sepultura</strong></span> <span class='ocrx_word' id='word_1_371' title='bbox 1188 2147 1337 2187; x_wconf 83' lang='lat' dir='ltr'><strong>affecta</strong></span> <span class='ocrx_word' id='word_1_372' title='bbox 1366 2151 1453 2197; x_wconf 84' lang='lat' dir='ltr'><strong>est,</strong></span> <span class='ocrx_word' id='word_1_373' title='bbox 1483 2147 1532 2186; x_wconf 91' lang='lat' dir='ltr'><strong>ob</strong></span> <span class='ocrx_word' id='word_1_374' title='bbox 1561 2147 1602 2186; x_wconf 90' lang='lat' dir='ltr'><strong>id</strong></span> <span class='ocrx_word' id='word_1_375' title='bbox 1631 2147 1761 2195; x_wconf 80' lang='lat' dir='ltr'><strong>ipsum</strong></span> <span class='ocrx_word' id='word_1_376' title='bbox 1792 2146 1895 2194; x_wconf 88' lang='lat' dir='ltr'><strong>quod</strong></span> <span class='ocrx_word' id='word_1_377' title='bbox 1925 2148 2087 2184; x_wconf 82' lang='lat' dir='ltr'><strong>constat</strong></span> <span class='ocrx_word' id='word_1_378' title='bbox 2116 2150 2158 2185; x_wconf 89' lang='lat' dir='ltr'><strong>et</strong></span> <span class='ocrx_word' id='word_1_379' title='bbox 2186 2145 2402 2185; x_wconf 79' lang='lat' dir='ltr'><strong>fautricem</strong></span> 
     </span>
     <span class='ocr_line' id='line_1_30' title="bbox 182 2210 2403 2263; baseline 0.001 -14"><span class='ocrx_word' id='word_1_380' title='bbox 182 2210 439 2251; x_wconf 58' lang='lat' dir='ltr'><strong>⁴¹Iudaeorum</strong></span> <span class='ocrx_word' id='word_1_381' title='bbox 469 2216 511 2252; x_wconf 93' lang='lat' dir='ltr'><strong>et</strong></span> <span class='ocrx_word' id='word_1_382' title='bbox 541 2213 766 2253; x_wconf 88' lang='lat' dir='ltr'><strong>studiosam</strong></span> <span class='ocrx_word' id='word_1_383' title='bbox 795 2213 1010 2263; x_wconf 81' lang='lat' dir='ltr'><strong>religionis</strong></span> <span class='ocrx_word' id='word_1_384' title='bbox 1030 2213 1219 2253; x_wconf 83' lang='lat' dir='ltr'><strong>Judaeae</strong></span> <span class='ocrx_word' id='word_1_385' title='bbox 1247 2212 1388 2262; x_wconf 85' lang='lat' dir='ltr'><strong>fuisse,</strong></span> <span class='ocrx_word' id='word_1_386' title='bbox 1419 2224 1521 2261; x_wconf 90' lang='lat' dir='ltr'><strong>quae</strong></span> <span class='ocrx_word' id='word_1_387' title='bbox 1552 2218 1635 2252; x_wconf 88' lang='lat' dir='ltr'><strong>tum</strong></span> <span class='ocrx_word' id='word_1_388' title='bbox 1663 2211 1855 2260; x_wconf 87' lang='lat' dir='ltr'><strong>temporis</strong></span> <span class='ocrx_word' id='word_1_389' title='bbox 1886 2211 1963 2249; x_wconf 81' lang='lat' dir='ltr'><strong>iam</strong></span> <span class='ocrx_word' id='word_1_390' title='bbox 1993 2211 2115 2260; x_wconf 88' lang='lat' dir='ltr'><strong>longe</strong></span> <span class='ocrx_word' id='word_1_391' title='bbox 2145 2211 2310 2260; x_wconf 85' lang='lat' dir='ltr'><strong>lateque</strong></span> <span class='ocrx_word' id='word_1_392' title='bbox 2331 2223 2403 2261; x_wconf 85' lang='lat' dir='ltr'><strong>per</strong></span> 
     </span>
     <span class='ocr_line' id='line_1_31' title="bbox 189 2275 2402 2330; baseline 0.002 -16"><span class='ocrx_word' id='word_1_393' title='bbox 189 2275 349 2326; x_wconf 88' lang='lat' dir='ltr'><strong>imperii</strong></span> <span class='ocrx_word' id='word_1_394' title='bbox 378 2277 547 2317; x_wconf 85' lang='lat' dir='ltr'><strong>Romani</strong></span> <span class='ocrx_word' id='word_1_395' title='bbox 576 2277 675 2318; x_wconf 89' lang='lat' dir='ltr'><strong>fines</strong></span> <span class='ocrx_word' id='word_1_396' title='bbox 703 2277 888 2329; x_wconf 76' lang='lat' dir='ltr'><strong>fluxerat,</strong></span> <span class='ocrx_word' id='word_1_397' title='bbox 919 2278 969 2318; x_wconf 80' lang='lat' dir='ltr'><strong>cf.</strong></span> <span class='ocrx_word' id='word_1_398' title='bbox 990 2278 1158 2328; x_wconf 84' lang='lat' dir='ltr'><strong>Joseph.</strong></span> <span class='ocrx_word' id='word_1_399' title='bbox 1179 2280 1228 2318; x_wconf 90' lang='lat' dir='ltr'><strong>A.</strong></span> <span class='ocrx_word' id='word_1_400' title='bbox 1247 2278 1289 2319; x_wconf 80' lang='lat' dir='ltr'><strong>J.</strong></span> <span class='ocrx_word' id='word_1_401' title='bbox 1311 2278 1404 2330; x_wconf 94' lang='lat' dir='ltr'><strong>XX,</strong></span> <span class='ocrx_word' id='word_1_402' title='bbox 1426 2283 1463 2329; x_wconf 83' lang='lat'><strong>8,</strong></span> <span class='ocrx_word' id='word_1_403' title='bbox 1489 2282 1548 2329; x_wconf 88' lang='lat' dir='ltr'><strong>ll,</strong></span> <span class='ocrx_word' id='word_1_404' title='bbox 1575 2282 1633 2323; x_wconf 86' lang='lat'><strong>11,</strong></span> <span class='ocrx_word' id='word_1_405' title='bbox 1659 2282 1693 2327; x_wconf 91' lang='lat'><strong>1,</strong></span> <span class='ocrx_word' id='word_1_406' title='bbox 1722 2277 1828 2316; x_wconf 90' lang='lat' dir='ltr'><strong>haud</strong></span> <span class='ocrx_word' id='word_1_407' title='bbox 1858 2277 1977 2326; x_wconf 84' lang='lat' dir='ltr'><strong>longe</strong></span> <span class='ocrx_word' id='word_1_408' title='bbox 2007 2288 2032 2315; x_wconf 86' lang='lat' dir='ltr'><strong>a</strong></span> <span class='ocrx_word' id='word_1_409' title='bbox 2061 2288 2157 2316; x_wconf 87' lang='lat' dir='ltr'><strong>vero</strong></span> <span class='ocrx_word' id='word_1_410' title='bbox 2186 2278 2402 2318; x_wconf 84' lang='lat' dir='ltr'><strong>aberrasse</strong></span> 
     </span>
     <span class='ocr_line' id='line_1_32' title="bbox 194 2341 2403 2394; baseline 0.001 -13"><span class='ocrx_word' id='word_1_411' title='bbox 194 2342 307 2382; x_wconf 85' lang='lat' dir='ltr'><strong>nobis</strong></span> <span class='ocrx_word' id='word_1_412' title='bbox 337 2344 564 2384; x_wconf 87' lang='lat' dir='ltr'><strong>videbimur</strong></span> <span class='ocrx_word' id='word_1_413' title='bbox 606 2344 853 2384; x_wconf 77' lang='lat' dir='ltr'><strong>conicientes</strong></span> <span class='ocrx_word' id='word_1_414' title='bbox 894 2344 1126 2384; x_wconf 89' lang='lat' dir='ltr'><strong>Priscillam</strong></span> <span class='ocrx_word' id='word_1_415' title='bbox 1162 2356 1319 2394; x_wconf 90' lang='lat' dir='ltr'><strong>quoque</strong></span> <span class='ocrx_word' id='word_1_416' title='bbox 1360 2346 1411 2384; x_wconf 87' lang='lat' dir='ltr'><strong>ab</strong></span> <span class='ocrx_word' id='word_1_417' title='bbox 1441 2356 1522 2384; x_wconf 89' lang='lat' dir='ltr'><strong>una</strong></span> <span class='ocrx_word' id='word_1_418' title='bbox 1552 2344 1691 2393; x_wconf 75' lang='lat' dir='ltr'><strong>aliqua</strong></span> <span class='ocrx_word' id='word_1_419' title='bbox 1720 2348 1887 2383; x_wconf 82' lang='lat' dir='ltr'><strong>externa</strong></span> <span class='ocrx_word' id='word_1_420' title='bbox 1915 2341 2114 2391; x_wconf 86' lang='lat' dir='ltr'><strong>religione</strong></span> <span class='ocrx_word' id='word_1_421' title='bbox 2143 2345 2266 2391; x_wconf 89' lang='lat' dir='ltr'><strong>atque</strong></span> <span class='ocrx_word' id='word_1_422' title='bbox 2296 2343 2403 2383; x_wconf 86' lang='lat' dir='ltr'><strong>haud</strong></span> 
     </span>
     <span class='ocr_line' id='line_1_33' title="bbox 185 2407 2403 2460; baseline 0.001 -14"><span class='ocrx_word' id='word_1_423' title='bbox 185 2407 317 2448; x_wconf 84' lang='lat' dir='ltr'><strong>sciam</strong></span> <span class='ocrx_word' id='word_1_424' title='bbox 348 2421 453 2449; x_wconf 90' lang='lat' dir='ltr'><strong>anne</strong></span> <span class='ocrx_word' id='word_1_425' title='bbox 483 2410 732 2460; x_wconf 88' lang='lat' dir='ltr'><strong>christiana,</strong></span> <span class='ocrx_word' id='word_1_426' title='bbox 763 2410 880 2450; x_wconf 88' lang='lat' dir='ltr'><strong>cuius</strong></span> <span class='ocrx_word' id='word_1_427' title='bbox 909 2409 1131 2451; x_wconf 89' lang='lat' dir='ltr'><strong>Domitiani</strong></span> <span class='ocrx_word' id='word_1_428' title='bbox 1159 2413 1297 2450; x_wconf 87' lang='lat' dir='ltr'><strong>aetate</strong></span> <span class='ocrx_word' id='word_1_429' title='bbox 1339 2410 1419 2450; x_wconf 89' lang='lat' dir='ltr'><strong>iam</strong></span> <span class='ocrx_word' id='word_1_430' title='bbox 1449 2410 1582 2450; x_wconf 85' lang='lat' dir='ltr'><strong>fontes</strong></span> <span class='ocrx_word' id='word_1_431' title='bbox 1624 2409 1779 2459; x_wconf 87' lang='lat' dir='ltr'><strong>largius</strong></span> <span class='ocrx_word' id='word_1_432' title='bbox 1817 2408 1979 2447; x_wconf 88' lang='lat' dir='ltr'><strong>Romam</strong></span> <span class='ocrx_word' id='word_1_433' title='bbox 2023 2413 2302 2458; x_wconf 84' lang='lat' dir='ltr'><strong>manaverant,</strong></span> <span class='ocrx_word' id='word_1_434' title='bbox 2334 2408 2403 2455; x_wconf 81' lang='lat' dir='ltr'><strong>(cf.</strong></span> 
     </span>
     <span class='ocr_line' id='line_1_34' title="bbox 192 2472 2406 2530; baseline 0.001 -19"><span class='ocrx_word' id='word_1_435' title='bbox 192 2472 324 2515; x_wconf 87' lang='lat' dir='ltr'><strong>Imhof</strong></span> <span class='ocrx_word' id='word_1_436' title='bbox 347 2476 605 2517; x_wconf 89' lang='lat' dir='ltr'><strong>Domitianus</strong></span> <span class='ocrx_word' id='word_1_437' title='bbox 634 2490 672 2527; x_wconf 90' lang='lat' dir='ltr'><strong>p.</strong></span> <span class='ocrx_word' id='word_1_438' title='bbox 710 2478 815 2530; x_wconf 84' lang='grc'>160),</span> <span class='ocrx_word' id='word_1_439' title='bbox 847 2477 883 2517; x_wconf 88' lang='lat' dir='ltr'><strong>si</strong></span> <span class='ocrx_word' id='word_1_440' title='bbox 910 2490 990 2517; x_wconf 90' lang='lat' dir='ltr'><strong>non</strong></span> <span class='ocrx_word' id='word_1_441' title='bbox 1019 2476 1186 2517; x_wconf 90' lang='lat' dir='ltr'><strong>stetisse</strong></span> <span class='ocrx_word' id='word_1_442' title='bbox 1214 2481 1260 2517; x_wconf 86' lang='lat' dir='ltr'><strong>at</strong></span> <span class='ocrx_word' id='word_1_443' title='bbox 1288 2480 1399 2518; x_wconf 88' lang='lat' dir='ltr'><strong>certe</strong></span> <span class='ocrx_word' id='word_1_444' title='bbox 1427 2489 1506 2516; x_wconf 92' lang='lat' dir='ltr'><strong>non</strong></span> <span class='ocrx_word' id='word_1_445' title='bbox 1535 2476 1709 2516; x_wconf 86' lang='lat' dir='ltr'><strong>alienam</strong></span> <span class='ocrx_word' id='word_1_446' title='bbox 1738 2474 1877 2514; x_wconf 86' lang='lat' dir='ltr'><strong>fuisse.</strong></span> <span class='ocrx_word' id='word_1_447' title='bbox 1945 2473 2109 2513; x_wconf 89' lang='lat' dir='ltr'><strong>Etenim</strong></span> <span class='ocrx_word' id='word_1_448' title='bbox 2138 2473 2175 2514; x_wconf 90' lang='lat' dir='ltr'><strong>si</strong></span> <span class='ocrx_word' id='word_1_449' title='bbox 2205 2486 2325 2523; x_wconf 86' lang='lat' dir='ltr'><strong>quam</strong></span> <span class='ocrx_word' id='word_1_450' title='bbox 2355 2488 2406 2515; x_wconf 87' lang='lat' dir='ltr'><strong>ex</strong></span> 
     </span>
     <span class='ocr_line' id='line_1_35' title="bbox 188 2540 2405 2593; baseline 0.001 -16"><span class='ocrx_word' id='word_1_451' title='bbox 188 2540 409 2587; x_wconf 85' lang='lat' dir='ltr'><strong>sepultura</strong></span> <span class='ocrx_word' id='word_1_452' title='bbox 437 2542 708 2583; x_wconf 88' lang='lat' dir='ltr'><strong>coniecturam</strong></span> <span class='ocrx_word' id='word_1_453' title='bbox 738 2555 885 2592; x_wconf 85' lang='lat' dir='ltr'><strong>capere</strong></span> <span class='ocrx_word' id='word_1_454' title='bbox 914 2542 1033 2593; x_wconf 91' lang='lat' dir='ltr'><strong>licet,</strong></span> <span class='ocrx_word' id='word_1_455' title='bbox 1064 2554 1137 2583; x_wconf 90' lang='lat' dir='ltr'><strong>cur</strong></span> <span class='ocrx_word' id='word_1_456' title='bbox 1154 2543 1415 2583; x_wconf 86' lang='lat' dir='ltr'><strong>Abascantus</strong></span> <span class='ocrx_word' id='word_1_457' title='bbox 1444 2554 1536 2592; x_wconf 88' lang='lat' dir='ltr'><strong>pop.</strong></span> <span class='ocrx_word' id='word_1_458' title='bbox 1555 2541 1667 2581; x_wconf 88' lang='lat' dir='ltr'><strong>Rom.</strong></span> <span class='ocrx_word' id='word_1_459' title='bbox 1689 2540 1833 2580; x_wconf 85' lang='lat' dir='ltr'><strong>ritibus</strong></span> <span class='ocrx_word' id='word_1_460' title='bbox 1863 2543 2142 2579; x_wconf 86' lang='lat' dir='ltr'><strong>consecratum</strong></span> <span class='ocrx_word' id='word_1_461' title='bbox 2170 2540 2405 2581; x_wconf 88' lang='lat' dir='ltr'><strong>institutum</strong></span> 
     </span>
     <span class='ocr_line' id='line_1_36' title="bbox 192 2604 2407 2659; baseline 0.002 -17"><span class='ocrx_word' id='word_1_462' title='bbox 192 2615 272 2643; x_wconf 81' lang='lat' dir='ltr'><strong>non</strong></span> <span class='ocrx_word' id='word_1_463' title='bbox 301 2611 463 2648; x_wconf 88' lang='lat' dir='ltr'><strong>secutus</strong></span> <span class='ocrx_word' id='word_1_464' title='bbox 494 2608 550 2648; x_wconf 92' lang='lat' dir='ltr'><strong>sit</strong></span> <span class='ocrx_word' id='word_1_465' title='bbox 568 2641 577 2659; x_wconf 94' lang='lat'><strong>,</strong></span> <span class='ocrx_word' id='word_1_466' title='bbox 618 2621 782 2648; x_wconf 83' lang='lat' dir='ltr'><strong>causam</strong></span> <span class='ocrx_word' id='word_1_467' title='bbox 823 2609 1002 2658; x_wconf 85' lang='lat' dir='ltr'><strong>reperire</strong></span> <span class='ocrx_word' id='word_1_468' title='bbox 1032 2620 1156 2657; x_wconf 87' lang='lat' dir='ltr'><strong>queas</strong></span> <span class='ocrx_word' id='word_1_469' title='bbox 1184 2609 1346 2649; x_wconf 88' lang='lat' dir='ltr'><strong>nullam.</strong></span> <span class='ocrx_word' id='word_1_470' title='bbox 1402 2608 1505 2647; x_wconf 90' lang='lat' dir='ltr'><strong>Nam</strong></span> <span class='ocrx_word' id='word_1_471' title='bbox 1535 2619 1638 2656; x_wconf 89' lang='lat' dir='ltr'><strong>quae</strong></span> <span class='ocrx_word' id='word_1_472' title='bbox 1666 2619 1691 2646; x_wconf 89' lang='lat' dir='ltr'><strong>a</strong></span> <span class='ocrx_word' id='word_1_473' title='bbox 1720 2605 1849 2645; x_wconf 87' lang='lat' dir='ltr'><strong>Statio</strong></span> <span class='ocrx_word' id='word_1_474' title='bbox 1879 2616 1998 2644; x_wconf 75' lang='lat' dir='ltr'><strong>rarae</strong></span> <span class='ocrx_word' id='word_1_475' title='bbox 2027 2604 2140 2644; x_wconf 86' lang='lat' dir='ltr'><strong>illius</strong></span> <span class='ocrx_word' id='word_1_476' title='bbox 2169 2606 2407 2655; x_wconf 86' lang='lat' dir='ltr'><strong>sepulturae</strong></span> 
     </span>
     <span class='ocr_line' id='line_1_37' title="bbox 193 2668 2406 2725; baseline 0.002 -18"><span class='ocrx_word' id='word_1_477' title='bbox 193 2668 397 2717; x_wconf 88' lang='lat' dir='ltr'><strong>profertur</strong></span> <span class='ocrx_word' id='word_1_478' title='bbox 426 2685 562 2725; x_wconf 88' lang='lat' dir='ltr'><strong>causa,</strong></span> <span class='ocrx_word' id='word_1_479' title='bbox 592 2686 672 2724; x_wconf 89' lang='lat' dir='ltr'><strong>qua</strong></span> <span class='ocrx_word' id='word_1_480' title='bbox 700 2674 845 2714; x_wconf 90' lang='lat' dir='ltr'><strong>ductus</strong></span> <span class='ocrx_word' id='word_1_481' title='bbox 875 2674 932 2714; x_wconf 91' lang='lat' dir='ltr'><strong>sit</strong></span> <span class='ocrx_word' id='word_1_482' title='bbox 958 2674 1227 2724; x_wconf 87' lang='lat' dir='ltr'><strong>Abascantus,</strong></span> <span class='ocrx_word' id='word_1_483' title='bbox 1258 2674 1365 2723; x_wconf 90' lang='lat' dir='ltr'><strong>quod</strong></span> <span class='ocrx_word' id='word_1_484' title='bbox 1393 2674 1483 2724; x_wconf 83' lang='lat' dir='ltr'><strong>rogi</strong></span> <span class='ocrx_word' id='word_1_485' title='bbox 1520 2673 1699 2712; x_wconf 88' lang='lat' dir='ltr'><strong>flammas</strong></span> <span class='ocrx_word' id='word_1_486' title='bbox 1740 2671 2034 2718; x_wconf 87' lang='lat' dir='ltr'><strong>clamoremque</strong></span> <span class='ocrx_word' id='word_1_487' title='bbox 2063 2670 2266 2711; x_wconf 88' lang='lat' dir='ltr'><strong>homiuum</strong></span> <span class='ocrx_word' id='word_1_488' title='bbox 2296 2672 2406 2711; x_wconf 74' lang='lat' dir='ltr'><strong>vide-</strong></span> 
     </span>
     <span class='ocr_line' id='line_1_38' title="bbox 193 2733 2406 2791; baseline 0.002 -17"><span class='ocrx_word' id='word_1_489' title='bbox 193 2733 294 2775; x_wconf 91' lang='lat' dir='ltr'><strong>licet</strong></span> <span class='ocrx_word' id='word_1_490' title='bbox 320 2737 502 2785; x_wconf 86' lang='lat' dir='ltr'><strong>perferre</strong></span> <span class='ocrx_word' id='word_1_491' title='bbox 530 2752 610 2780; x_wconf 91' lang='lat' dir='ltr'><strong>non</strong></span> <span class='ocrx_word' id='word_1_492' title='bbox 639 2740 834 2791; x_wconf 88' lang='lat' dir='ltr'><strong>potuerit,</strong></span> <span class='ocrx_word' id='word_1_493' title='bbox 865 2752 944 2780; x_wconf 91' lang='lat' dir='ltr'><strong>non</strong></span> <span class='ocrx_word' id='word_1_494' title='bbox 972 2740 1087 2780; x_wconf 91' lang='lat' dir='ltr'><strong>modo</strong></span> <span class='ocrx_word' id='word_1_495' title='bbox 1116 2751 1196 2780; x_wconf 89' lang='lat' dir='ltr'><strong>non</strong></span> <span class='ocrx_word' id='word_1_496' title='bbox 1225 2739 1468 2790; x_wconf 88' lang='lat' dir='ltr'><strong>probabitur</strong></span> <span class='ocrx_word' id='word_1_497' title='bbox 1495 2739 1679 2788; x_wconf 87' lang='lat' dir='ltr'><strong>cuiquam</strong></span> <span class='ocrx_word' id='word_1_498' title='bbox 1706 2748 1842 2777; x_wconf 86' lang='lat' dir='ltr'><strong>verum</strong></span> <span class='ocrx_word' id='word_1_499' title='bbox 1874 2736 1999 2776; x_wconf 86' lang='lat' dir='ltr'><strong>etiam</strong></span> <span class='ocrx_word' id='word_1_500' title='bbox 2027 2736 2304 2777; x_wconf 83' lang='lat' dir='ltr'><strong>coniecturam</strong></span> <span class='ocrx_word' id='word_1_501' title='bbox 2344 2750 2406 2778; x_wconf 88' lang='lat' dir='ltr'><strong>su—</strong></span> 
     </span>
     <span class='ocr_line' id='line_1_39' title="bbox 188 2800 2407 2856; baseline 0.002 -18"><span class='ocrx_word' id='word_1_502' title='bbox 188 2800 391 2847; x_wconf 86' lang='lat' dir='ltr'><strong>spicionis</strong></span> <span class='ocrx_word' id='word_1_503' title='bbox 421 2806 608 2845; x_wconf 89' lang='lat' dir='ltr'><strong>movebit.</strong></span> <span class='ocrx_word' id='word_1_504' title='bbox 664 2807 754 2846; x_wconf 89' lang='lat' dir='ltr'><strong>Hoc</strong></span> <span class='ocrx_word' id='word_1_505' title='bbox 784 2806 941 2855; x_wconf 83' lang='lat' dir='ltr'><strong>quidem</strong></span> <span class='ocrx_word' id='word_1_506' title='bbox 971 2806 1136 2856; x_wconf 86' lang='lat' dir='ltr'><strong>certum,</strong></span> <span class='ocrx_word' id='word_1_507' title='bbox 1165 2805 1269 2845; x_wconf 89' lang='lat' dir='ltr'><strong>nihil</strong></span> <span class='ocrx_word' id='word_1_508' title='bbox 1298 2804 1507 2854; x_wconf 89' lang='lat' dir='ltr'><strong>antiquius</strong></span> <span class='ocrx_word' id='word_1_509' title='bbox 1534 2803 1727 2843; x_wconf 88' lang='lat' dir='ltr'><strong>habuisse</strong></span> <span class='ocrx_word' id='word_1_510' title='bbox 1746 2801 1994 2850; x_wconf 78' lang='lat' dir='ltr'><strong>Priscillam,</strong></span> <span class='ocrx_word' id='word_1_511' title='bbox 2026 2813 2147 2850; x_wconf 86' lang='lat' dir='ltr'><strong>quam</strong></span> <span class='ocrx_word' id='word_1_512' title='bbox 2175 2807 2221 2842; x_wconf 89' lang='lat' dir='ltr'><strong>ut</strong></span> <span class='ocrx_word' id='word_1_513' title='bbox 2242 2806 2407 2842; x_wconf 84' lang='lat' dir='ltr'><strong>externo</strong></span> 
     </span>
     <span class='ocr_line' id='line_1_40' title="bbox 193 2863 2407 2922; baseline 0.003 -20"><span class='ocrx_word' id='word_1_514' title='bbox 193 2863 288 2915; x_wconf 90' lang='lat' dir='ltr'><strong>ritu,</strong></span> <span class='ocrx_word' id='word_1_515' title='bbox 317 2876 396 2905; x_wconf 89' lang='lat' dir='ltr'><strong>non</strong></span> <span class='ocrx_word' id='word_1_516' title='bbox 425 2868 531 2910; x_wconf 89' lang='lat' dir='ltr'><strong>sicut</strong></span> <span class='ocrx_word' id='word_1_517' title='bbox 559 2883 644 2912; x_wconf 90' lang='lat' dir='ltr'><strong>mos</strong></span> <span class='ocrx_word' id='word_1_518' title='bbox 667 2871 861 2912; x_wconf 88' lang='lat' dir='ltr'><strong>maiorum</strong></span> <span class='ocrx_word' id='word_1_519' title='bbox 889 2870 1071 2922; x_wconf 88' lang='lat' dir='ltr'><strong>ferebat,</strong></span> <span class='ocrx_word' id='word_1_520' title='bbox 1102 2870 1317 2921; x_wconf 87' lang='lat' dir='ltr'><strong>exsequias</strong></span> <span class='ocrx_word' id='word_1_521' title='bbox 1347 2872 1572 2920; x_wconf 88' lang='lat' dir='ltr'><strong>quaereret.</strong></span> <span class='ocrx_word' id='word_1_522' title='bbox 1644 2868 1733 2919; x_wconf 86' lang='lat' dir='ltr'><strong>Qua</strong></span> <span class='ocrx_word' id='word_1_523' title='bbox 1761 2879 1811 2907; x_wconf 88' lang='lat' dir='ltr'><strong>ex</strong></span> <span class='ocrx_word' id='word_1_524' title='bbox 1839 2879 1884 2906; x_wconf 87' lang='lat' dir='ltr'><strong>re</strong></span> <span class='ocrx_word' id='word_1_525' title='bbox 1912 2866 2003 2907; x_wconf 88' lang='lat' dir='ltr'><strong>fieri</strong></span> <span class='ocrx_word' id='word_1_526' title='bbox 2030 2879 2111 2907; x_wconf 91' lang='lat' dir='ltr'><strong>non</strong></span> <span class='ocrx_word' id='word_1_527' title='bbox 2133 2872 2271 2918; x_wconf 86' lang='lat' dir='ltr'><strong>potest</strong></span> <span class='ocrx_word' id='word_1_528' title='bbox 2299 2868 2407 2918; x_wconf 91' lang='lat' dir='ltr'><strong>quin,</strong></span> 
     </span>
     <span class='ocr_line' id='line_1_41' title="bbox 193 2929 2408 2988; baseline 0.003 -21"><span class='ocrx_word' id='word_1_529' title='bbox 193 2929 334 2971; x_wconf 89' lang='lat' dir='ltr'><strong>variae</strong></span> <span class='ocrx_word' id='word_1_530' title='bbox 363 2934 582 2976; x_wconf 86' lang='lat' dir='ltr'><strong>trahantur</strong></span> <span class='ocrx_word' id='word_1_531' title='bbox 611 2937 876 2987; x_wconf 87' lang='lat' dir='ltr'><strong>suspiciones.</strong></span> <span class='ocrx_word' id='word_1_532' title='bbox 949 2937 1203 2988; x_wconf 84' lang='lat' dir='ltr'><strong>Quamquam</strong></span> <span class='ocrx_word' id='word_1_533' title='bbox 1230 2939 1317 2977; x_wconf 81' lang='lat' dir='ltr'><strong>toto</strong></span> <span class='ocrx_word' id='word_1_534' title='bbox 1346 2939 1510 2986; x_wconf 88' lang='lat' dir='ltr'><strong>pectore</strong></span> <span class='ocrx_word' id='word_1_535' title='bbox 1537 2934 1579 2973; x_wconf 90' lang='lat' dir='ltr'><strong>id</strong></span> <span class='ocrx_word' id='word_1_536' title='bbox 1608 2934 1772 2973; x_wconf 87' lang='lat' dir='ltr'><strong>credere</strong></span> <span class='ocrx_word' id='word_1_537' title='bbox 1789 2965 1798 2980; x_wconf 91' lang='lat'>‚</span> <span class='ocrx_word' id='word_1_538' title='bbox 1829 2932 1923 2972; x_wconf 81' lang='lat' dir='ltr'><strong>vide</strong></span> <span class='ocrx_word' id='word_1_539' title='bbox 1953 2945 2004 2972; x_wconf 89' lang='lat' dir='ltr'><strong>ne</strong></span> <span class='ocrx_word' id='word_1_540' title='bbox 2034 2945 2114 2973; x_wconf 91' lang='lat' dir='ltr'><strong>non</strong></span> <span class='ocrx_word' id='word_1_541' title='bbox 2144 2933 2200 2973; x_wconf 86' lang='lat' dir='ltr'><strong>sit</strong></span> <span class='ocrx_word' id='word_1_542' title='bbox 2227 2946 2408 2973; x_wconf 82' lang='lat' dir='ltr'><strong>necesse.</strong></span> 
     </span>
     <span class='ocr_line' id='line_1_42' title="bbox 194 2992 2410 3053; baseline -0.002 -9"><span class='ocrx_word' id='word_1_543' title='bbox 194 2992 308 3044; x_wconf 78' lang='lat' dir='ltr'><strong>Quae</strong></span> <span class='ocrx_word' id='word_1_544' title='bbox 338 3008 415 3048; x_wconf 89' lang='lat' dir='ltr'><strong>ego</strong></span> <span class='ocrx_word' id='word_1_545' title='bbox 445 3000 647 3053; x_wconf 77' lang='lat' dir='ltr'><strong>disserui,</strong></span> <span class='ocrx_word' id='word_1_546' title='bbox 677 3016 756 3044; x_wconf 91' lang='lat' dir='ltr'><strong>non</strong></span> <span class='ocrx_word' id='word_1_547' title='bbox 787 3016 862 3053; x_wconf 90' lang='lat' dir='ltr'><strong>quo</strong></span> <span class='ocrx_word' id='word_1_548' title='bbox 891 3015 958 3045; x_wconf 91' lang='lat' dir='ltr'><strong>res</strong></span> <span class='ocrx_word' id='word_1_549' title='bbox 987 3007 1133 3053; x_wconf 88' lang='lat' dir='ltr'><strong>aperta</strong></span> <span class='ocrx_word' id='word_1_550' title='bbox 1161 3006 1288 3053; x_wconf 88' lang='lat' dir='ltr'><strong>esset,</strong></span> <span class='ocrx_word' id='word_1_551' title='bbox 1318 3013 1406 3042; x_wconf 91' lang='lat' dir='ltr'><strong>cum</strong></span> <span class='ocrx_word' id='word_1_552' title='bbox 1435 3000 1563 3041; x_wconf 88' lang='lat' dir='ltr'><strong>tantis</strong></span> <span class='ocrx_word' id='word_1_553' title='bbox 1592 2998 1746 3039; x_wconf 88' lang='lat' dir='ltr'><strong>obfusis</strong></span> <span class='ocrx_word' id='word_1_554' title='bbox 1775 2999 1959 3040; x_wconf 86' lang='lat' dir='ltr'><strong>tenebris</strong></span> <span class='ocrx_word' id='word_1_555' title='bbox 1978 3003 2144 3050; x_wconf 86' lang='lat' dir='ltr'><strong>praeter</strong></span> <span class='ocrx_word' id='word_1_556' title='bbox 2173 3000 2410 3050; x_wconf 88' lang='lat' dir='ltr'><strong>sepulturae</strong></span> 
     </span>
     <span class='ocr_line' id='line_1_43' title="bbox 188 3060 2410 3119; baseline 0.003 -20"><span class='ocrx_word' id='word_1_557' title='bbox 188 3060 334 3101; x_wconf 87' lang='lat' dir='ltr'><strong>mirum</strong></span> <span class='ocrx_word' id='word_1_558' title='bbox 365 3074 494 3113; x_wconf 90' lang='lat' dir='ltr'><strong>genus</strong></span> <span class='ocrx_word' id='word_1_559' title='bbox 523 3079 574 3108; x_wconf 91' lang='lat' dir='ltr'><strong>ne</strong></span> <span class='ocrx_word' id='word_1_560' title='bbox 602 3069 788 3110; x_wconf 89' lang='lat' dir='ltr'><strong>scintilla</strong></span> <span class='ocrx_word' id='word_1_561' title='bbox 808 3069 969 3119; x_wconf 88' lang='lat' dir='ltr'><strong>quidem</strong></span> <span class='ocrx_word' id='word_1_562' title='bbox 996 3069 1051 3110; x_wconf 88' lang='lat' dir='ltr'><strong>ad</strong></span> <span class='ocrx_word' id='word_1_563' title='bbox 1069 3068 1362 3119; x_wconf 86' lang='lat' dir='ltr'><strong>dispiciendum</strong></span> <span class='ocrx_word' id='word_1_564' title='bbox 1390 3065 1507 3107; x_wconf 90' lang='lat' dir='ltr'><strong>nobis</strong></span> <span class='ocrx_word' id='word_1_565' title='bbox 1534 3064 1682 3105; x_wconf 90' lang='lat' dir='ltr'><strong>relicta</strong></span> <span class='ocrx_word' id='word_1_566' title='bbox 1712 3064 1777 3115; x_wconf 90' lang='lat' dir='ltr'><strong>sit,</strong></span> <span class='ocrx_word' id='word_1_567' title='bbox 1809 3064 1883 3105; x_wconf 90' lang='lat' dir='ltr'><strong>sed</strong></span> <span class='ocrx_word' id='word_1_568' title='bbox 1911 3068 1959 3105; x_wconf 91' lang='lat' dir='ltr'><strong>ut</strong></span> <span class='ocrx_word' id='word_1_569' title='bbox 1979 3065 2257 3115; x_wconf 89' lang='lat' dir='ltr'><strong>quaestionem</strong></span> <span class='ocrx_word' id='word_1_570' title='bbox 2278 3065 2410 3106; x_wconf 81' lang='lat' dir='ltr'><strong>delec-</strong></span> 
     </span>
    </p>
   </div>
  </div>
 </body>
</html>
