2585 3531
1199 269 1260 289 -·-
1288 257 1370 299 vtn
1419 267 1473 288 ··>—>

197 417 200 420 .
229 389 378 438 pterea
405 378 604 426 Herculei
624 378 692 421 vel
712 377 920 430 Tirynthii
939 364 1194 420 1008118111οι-
1221 389 1363 429 aeque-
1380 387 1430 419 ac
1449 367 1650 431 Pompeii,
1676 390 1783 429 quae
1802 390 1881 420 vox
1900 366 2099 432 originem
2121 380 2238 421 duxit
2266 392 2292 420 a
2310 391 2457 431 pompa

154 473 157 475 >
229 450 441 494 Herculis.
498 446 557 489 Cf.
589 445 704 487 Serv.
734 446 836 486 Aen.
864 447 906 496 7,·
933 446 1027 485 862.
1073 443 1195 486 Diod.
1222 443 1305 486 Sic.
1334 447 1374 495 4,
1405 446 1469 485 21.
1527 444 1641 497 Quod
1669 444 1801 496 igitur
1820 449 1942 496 poeta
1970 445 2070 487 iecit
2088 447 2271 497 obscure,
2294 446 2456 487 minime

233 518 480 566 mutandum,
508 524 640 563 neque
668 512 789 553 rebus
820 515 893 562 per
921 522 967 552 se
994 509 1119 552 claris
1132 511 1341 551 ·teuebrae
1370 510 1642 552 obduceiidae.
1699 512 1873 552 immuta
1902 512 2128 563 paululum,
2158 513 2327 563 perierit
2368 525 2456 552 sen-

235 584 370 630 tentia
397 583 555 624 ornata.
615 578 696 619 Sed
724 577 938 618 redeamus
968 575 1021 616 ad
1049 575 1071 616 I
1100 578 1137 615 3.
1204 570 1301 617 ι18111
1329 587 1456 635 supra
1496 577 1800 618 commemoravi
1831 578 1969 619 datum
1999 590 2090 620 esse
2118 578 2194 620 hoc
2224 590 2385 620 carmen
2405 577 2458 619 ad

235 650 450 694 Manilium
478 645 714 695 Vopiscum,
743 644 874 684 virum
904 642 1236 684 eruditissimum.
1294 642 1373 694 Qui
1405 655 1645 692 quamquam
1675 645 1826 685 forensi
1858 645 1949 684 luce
1977 646 2139 694 caruit,
2183 651 2317 685 tamen
2348 646 2459 685 intra

236 717 417 770 parietes
437 724 526 754 eam
545 710 719 763 gloriam
738 708 854 760 aluit,
874 719 993 758 quae.
1017 707 1228 757 literarum
1248 707 1400 750 studiis
1420 713 1603 759 paratur.
1660 709 1817 751 Hiemis
1847 716 2029 761 tempore
2049 710 2269 752 itineribus
2299 716 2457 761 tempus

229 783 399 829 solebat
427 782 641 833 conterere
669 776 854 816 otiosum.
911 774 960 814 V.
991 778 1043 814 83
1073 786 1162 824 sqq.
1191 774 1385 825 leguntur
1411 775 1536 815 haec:

695 873 865 916 'Cedant
891 874 1102 925 Telegoni,
1131 874 1281 915 cedant
1307 873 1535 921 Laurentia
1559 874 1685 915 Turni

696 940 848 991 Iugera
875 940 1161 990 Lucrinaeque
1189 940 1331 980 domus
1360 940 1540 990 litusque
1569 941 1728 981 cruenti

695 1007 972 1056 Antiphatae;
1003 1006 1153 1046 cedant
1180 1006 1339 1046 vitreae
1368 1006 1466 1057 iuga
1494 1007 1651 1055 perfida
1680 1007 1815 1047 Circes

697 1072 903 1113 Dulichiis
932 1071 1092 1112 ululata
1120 1071 1230 1122 lupis
1259 1084 1458 1132 arcesque
1488 1073 1689 1122 superbae

696 1139 873 1181 Anxuris
903 1142 946 1180 et
974 1138 1106 1189 sedes,
1135 1138 1318 1190 Phrygio
1347 1151 1449 1189 quas
1478 1138 1589 1180 mitis
1619 1139 1778 1179 alumno

695 1206 830 1246 Debet
858 1216 986 1254 anus3
1017 1205 1176 1256 cedant,
1207 1216 1312 1254 quae
1340 1209 1382 1245 te
1409 1204 1491 1245 iam
1520 1204 1676 1245 solibus
1705 1204 1807 1245 artis

698 1271 848 1312 Antia
875 1271 1060 1311 nimbosa
1088 1272 1339 1311 revocabunt
1366 1271 1491 1311 litora
1519 1272 1686 1311 bruma'.

439 1372 609 1422 Cedant,
639 1371 773 1421 inquit
799 1374 935 1422 poeta,
965 1370 1093 1410 villae
1121 1374 1218 1410 tuae
1247 1370 1490 1411 Tiburtinae
1520 1370 1741 1411 Tusculum
1781 1375 1822 1411 et
1851 1371 1987 1411 Ardea
2016 1377 2058 1412 et
2087 1371 2214 1412 villae
2245 1372 2297 1412 ad
2326 1372 2460 1412 lacum

239 1439 461 1480 Lucrinum
491 1442 535 1479 et
563 1437 767 1486 Formiae,
798 1437 948 1477 cedant
976 1436 1125 1477 Circeii
1154 1439 1197 1476 et
1224 1436 1368 1476 Anxur
1396 1440 1440 1476 et
1468 1436 1613 1476 Caieta
1641 1439 1764 1485 atque
1791 1437 1958 1476 Antium
1989 1437 2123 1486 etiam,
2155 1449 2245 1487 quc,
2276 1438 2463 1486 quoniam

241 1505 371 1546 hiems
405 1503 578 1555 appetit,
607 1515 700 1544 mox
729 1503 907 1543 secedes.
980 1501 1130 1542 ’Antia’
1160 1501 1202 1542 in
1231 1514 1269 1542 v.
1301 1505 1352 1540 89
1384 1501 1643 1542 coniecturae
1683 1502 1853 1543 debetur
1880 1502 2112 1543 Marklandi
2130 1536 2139 1553 ,
2176 1516 2295 1552 quam
2324 1515 2463 1544 omues

240 1571 295 1612 ad
324 1581 446 1611 unum
476 1569 607 1610 adhuc
636 1568 882 1619 interpretes
920 1567 963 1609 in
991 1570 1148 1609 textum
1187 1567 1256 1619 qui
1284 1572 1455 1609 vocatur
1493 1571 1747 1619 receperunt.
1805 1564 1910 1608 Ἀλλ’
1938 1565 2034 1618 ἐμὸν
2063 1567 2211 1609 οὔποτε
2242 1567 2376 1620 θυμὸν
2404 1568 2462 1608 ἐνὶ

237 1634 452 1689 στήθεσσιν
472 1634 654 1675 ἔπειθεν.
699 1634 801 1675 Mihi
831 1634 937 1674 enim
966 1634 1088 1684 longe
1107 1646 1228 1674 secus
1248 1634 1422 1674 videtur.
1479 1634 1601 1674 Codd.
1625 1634 1818 1674 exhibent
1847 1634 1978 1674 'auia'.
2035 1638 2091 1675 At
2120 1636 2305 1685 quamvis
2325 1637 2463 1676 Mark-
2536 1628 2540 1630 ξ

241 1702 356 1743 laudi
389 1701 626 1742 coniectura
654 1700 782 1751 primo
812 1701 956 1741 obtutu
985 1698 1276 1750 probabilitate
1305 1700 1478 1749 quadam
1499 1699 1686 1750 captiosa
1711 1700 1887 1741 animum
1916 1701 2131 1751 percutiat,
2160 1714 2205 1741 re
2226 1702 2464 1742 accuratius

242 1779 447 1819 perpensa
476 1767 537 1806 ita
555 1766 810 1817 repudianda
838 1770 915 1817 est,
945 1769 991 1805 ut
1019 1765 1056 1806 si
1077 1765 1187 1805 codd.
1207 1765 1402 1806 memoria
1432 1765 1588 1815 scripta
1616 1766 1860 1814 traderetur,
1890 1766 2094 1807 reicienda
2123 1771 2242 1807 esset.
2300 1766 2465 1807 Etenim

243 1833 483 1884 perfacilem
512 1833 638 1872 habet
666 1832 863 1872 rationem
893 1831 1228 1881 reprehendendi.
1294 1831 1434 1882 Quid?
1478 1832 1581 1880 quod
1622 1832 1789 1871 Antium
1820 1833 1889 1871 vix
1919 1833 2125 1881 quisquam
2155 1846 2197 1872 se
2229 1832 2467 1872 conferebat

242 1899 450 1940 Romanus
480 1898 646 1939 hieme?
703 1897 817 1949 Quae
847 1909 936 1938 cum
965 1900 1107 1938 essent
1134 1909 1266 1947 aquae
1295 1896 1502 1947 marinae,
1546 1896 1651 1937 illud
1679 1897 1922 1938 Marklando
1964 1898 2153 1938 assentiri
2193 1911 2270 1939 non
2300 1911 2464 1949 possum

243 1965 374 2006 hieme
405 1965 637 2006 celebratas
667 1976 785 2016 esse,
829 1976 932 2014 quae
961 1964 1097 2015 potius
1127 1967 1289 2005 aestate
1329 1963 1686 2013 frequentarentur
1722 1970 1889 2015 propter
1916 1965 2046 2015 ipsum
2076 1965 2268 2015 algorem.
2331 1966 2466 2006 'Antio

241 2032 346 2072 nihil
378 2030 521 2072 alsius’
550 2030 684 2071 literis
713 2031 881 2071 mandat
910 2030 1050 2071 Cicero
1079 2030 1132 2071 ad
1160 2030 1343 2071 Atticum
1372 2029 1481 2070 datis
1509 2033 1546 2080 4,
1578 2034 1615 2080 8,
1650 2034 1684 2070 1.
1754 2030 1907 2082 Quibus
1938 2030 2196 2080 praemissis,
2227 2032 2465 2072 Marklandi

242 2098 523 2138 coniecturam
551 2096 671 2136 huius
701 2097 782 2136 loci
810 2096 963 2136 rationi
990 2108 1071 2137 non
1099 2096 1348 2146 respondere
1376 2095 1647 2136 manifestum.
1706 2097 1832 2146 Atqui
1873 2101 2015 2146 poetae
2046 2097 2203 2136 verbis:
2264 2098 2391 2149 ’Quae
2420 2105 2462 2138 te

245 2163 325 2204 iam
347 2164 501 2204 solibus
522 2163 626 2204 artis
656 2164 838 2204 nimbosa
858 2163 1109 2204 revocabunt
1123 2162 1247 2202 litora
1265 2163 1417 2202 bruma'
1434 2161 1536 2203 satis
1557 2174 1758 2212 superque
1788 2162 1991 2203 indicatur
2023 2163 2268 2204 adiectivum
2299 2164 2467 2214 requiri,

245 2241 323 2279 quo
354 2229 606 2282 significetur
626 2234 738 2271 terra
756 2229 825 2271 vel
844 2228 975 2271 hieme
990 2232 1232 2279 temperata.
1283 2228 1519 2269 Marklaudi
1538 2228 1667 2280 igitur
1688 2228 1918 2269 coniectura
1936 2242 1997 2269 me
2019 2229 2175 2278 quidem
2206 2230 2341 2271 iudice
2361 2231 2468 2271 velis

247 2296 461 2348 remisque,
492 2300 538 2336 ut
566 2297 627 2336 ita
657 2295 800 2346 dicam,
831 2294 1038 2346 fugienda.
1094 2294 1292 2344 Equidem
1320 2294 1431 2335 haud
1459 2293 1544 2335 scio
1574 2306 1627 2334 an
1647 2295 1866 2335 Tarentum
1895 2294 2090 2345 respiciat
2119 2294 2290 2346 Statius,
2322 2295 2468 2346 quain

247 2362 346 2401 urbe
375 2365 543 2412 praeter
571 2364 732 2401 ceteras
762 2364 926 2400 constat
952 2359 1110 2400 nobiles
1138 2360 1354 2410 Romanos,
1384 2359 1513 2409 siqui
1541 2361 1592 2400 ab
1614 2360 1744 2401 oculis
1774 2365 1815 2401 et
1842 2360 1920 2400 fori
1950 2365 1992 2401 et
2020 2360 2158 2400 curiae
2188 2362 2335 2401 abesse
2366 2362 2467 2402 sole-

246 2427 359 2477 bant,
390 2426 691 2477 consumpsisse
719 2426 890 2470 hiemem
921 2429 964 2466 et
990 2425 1477 2476 propter-amoenitatem
1507 2430 1550 2466 et
1581 2430 1749 2476 propter
1777 2426 1930 2466 caelum
1968 2426 2077 2466 mite.
2137 2427 2194 2466 Cf.
2218 2427 2266 2466 de
2288 2427 2468 2469 Tarento

247 2491 413 2544 insigne
441 2493 602 2534 Horatii
631 2506 664 2534 c.
695 2493 737 2533 Π
768 2497 789 2532 6
821 2496 863 2533 et
892 2504 996 2542 quae
1023 2492 1115 2534 Seu.
1146 2492 1197 2533 de
1226 2495 1359 2540 tranq.
1388 2503 1454 2532 an.
1486 2504 1518 2533 c.
1548 2495 1586 2542 2,
1622 2496 1668 2531 13
1698 2492 1864 2533 disserit
1892 2492 1942 2532 de
1982 2492 2162 2533 eiusdem
2194 2493 2307 2534 urbis
2337 2494 2469 2535 hieme

248 2556 446 2608 imprimis
475 2560 571 2601 leni.
623 2560 721 2600 Hor.
743 2571 804 2610 ep.
827 2563 860 2610 1,
881 2562 919 2610 7,
945 2562 988 2598 11
1022 2558 1155 2601 'molle
1184 2558 1431 2599 Tarentum’.
1488 2558 1645 2611 Quibus
1675 2558 1907 2609 praemissis
1927 2570 2016 2599 cum
2046 2559 2342 2609 probabilitate
2361 2561 2471 2603 haud

208 2664 215 2666 s
249 2635 380 2674 parva
410 2625 595 2667 conicere
623 2626 741 2667 uobis
761 2625 989 2667 videbimur
1016 2637 1089 2676 pro
1110 2625 1230 2666 ’auia’
1252 2624 1451 2676 'Daunia’,
1480 2625 1722 2670 praesertim
1750 2637 1840 2665 cum
1859 2637 1897 2665 v.
1914 2625 2099 2675 superior
2119 2626 2261 2666 eadem
2284 2627 2472 2669 'D'litera

246 2687 451 2740 incipiens
481 2705 648 2734 08088111
678 2694 874 2744 praebere
903 2692 1085 2743 potuerit
1102 2724 1112 2744 ,
1153 2703 1225 2732 cur
1253 2691 1394 2733 eadem
1422 2691 1547 2732 litera
1574 2704 1613 2732 v.
1644 2691 1904 2741 consequenti
1933 2691 2225 2742 intercideret;
2271 2706 2318 2734 eo
2355 2695 2471 2735 modo

249 2767 376 2807 saepe
404 2759 586 2800 mutilari
614 2772 758 2801 versus
787 2772 903 2816 nemo
930 2770 1011 2799 11011
1038 2758 1244 2799 concedet.
1300 2758 1394 2799 Jam
1423 2759 1728 2809 progrediamur
1747 2759 1799 2798 ad
1825 2758 2004 2809 eclogam
2024 2758 2206 2799 eiusdem
2235 2760 2333 2799 libri
2354 2773 2470 2810 quar-

246 2823 346 2863 tam.
375 2823 556 2866 Rutilius
585 2825 785 2877 Gallicus,
817 2825 867 2867 de
897 2837 973 2876 quo
1002 2824 1084 2866 iam
1113 2835 1237 2876 supra
1254 2824 1382 2867 verba
1410 2822 1590 2876 fecimus,
1619 2824 1683 2866 vir
1710 2824 1782 2865 ille
1811 2824 1847 2865 si
1876 2835 1956 2864 uon
1989 2824 2155 2875 genexis
2184 2826 2400 2868 nobilitate
2429 2834 2474 2868 at

242 2893 359 2929 'certe
387 2890 546 2939 quidem
574 2892 725 2946 gratia,
755 2903 836 2942 qua
864 2892 972 2942 apud
998 2890 1274 2932 Domitianum
1302 2891 1398 2943 imp.
1427 2892 1595 2932 multum
1622 2890 1798 2941 valebat,
1830 2901 2007 2931 summae
2037 2893 2324 2945 auctoritatis,
2355 2906 2473 2945 quem

245 2959 431 3004 segetem
475 2960 518 2998 et
547 2957 757 3001 materiem
799 2970 898 2999 suae
939 2957 1087 3016 ipsius
1113 2958 1273 3010 gloriae
1315 2958 1446 3000 fuisse
1488 2960 1599 2999 recte
1638 2956 1816 3006 dixeris,
1862 2968 1951 2997 cum
1981 2969 2085 2997 811110
2122 2960 2275 3000 aetatis
2304 2972 2472 3012 sexage-

243 3017 351 3060 simo
380 3020 508 3071 primo
538 3025 595 3077 (v.
625 3026 693 3075 53)
722 3023 808 3065 ictu
843 3023 1058 3078 sanguinis
1087 3022 1358 3093 apoplexique
1396 3027 1507 3065 esset
1547 3027 1757 3084 correptus
1787 3027 1841 3071 (v.
1874 3027 1941 3072 57)
1971 3023 2209 3075 viribusque
2238 3026 2470 3076 cecidisset,

242 3078 446 3125 ’Statium
443 3088 620 3130 laudum
641 3102 805 3131 suarum
825 3090 1117 3132 couvalescens
1136 3088 1295 3132 statim
1305 3089 1466 3131 invenit
1493 3099 1745 3139 praeconem.
1785 3089 1952 3129 Initium
1970 3090 2161 3131 carminis
2179 3090 2257 3131 hoc
2278 3095 2361 3132 est:
