2585 3531
209 392 334 425 voces
362 379 557 422 confusae
586 379 683 418 sunt
711 379 749 428 δ,
779 379 818 428 2,
851 379 942 428 160,
970 375 1041 418 ubi
1068 387 1147 428 pro
1171 375 1370 427 ’questus’
1399 373 1569 418 ’coetus’
1597 374 1685 426 legi
1726 378 1916 427 oportere
1942 378 2058 418 recte
2086 375 2256 428 agnovit
2283 375 2447 419 Gerar·

136 481 140 485 .
185 446 294 491 ,tine
311 450 369 501 et
392 451 432 499 ,1,
462 452 500 496 2,
528 445 622 484 235.
682 445 718 493 1⁷,
747 446 786 493 4,
820 445 909 494 115,
939 441 1088 493 quibus
1117 442 1222 485 locis
1250 442 1418 484 eaedem
1442 453 1566 484 voces
1584 472 1587 474 -
1604 446 1773 493 propter
1790 440 2123 493 discrepantiam
2151 442 2213 484 ita
2239 454 2321 485 non
2359 455 2442 485 ma-

210 525 346 566 gnam,
376 516 423 555 ut
448 511 537 553 {ere
563 507 730 551 minima
757 508 834 560 sit,
863 507 954 550 sine
982 508 1107 551 dubio
1135 508 1333 551 confusae
1360 512 1471 550 sunt.
1544 508 1720 550 Omissis
1749 507 1881 560 igitur
1907 507 2023 550 codd.
2044 508 2363 551 auctoritatibus
2391 522 2448 551 08

207 588 303 623 vox*
315 574 596 631 praeferenda,
625 586 734 625 qnae
757 578 883 616 sensu
911 574 1223 616 commendatur.
1280 573 1398 626 Quod
1425 572 1507 615 nisi
1533 573 1623 615 fieri
1650 573 1798 615 liceret
1812 605 1823 624 ,
1870 572 1983 614 intra
2019 572 2141 614 initia
2182 586 2251 616 ars
2290 576 2441 618 critica

211 642 345 697 staret
372 646 497 693 atque
525 639 687 682 ratibus
716 640 850 681 adhuc
877 639 1158 692 navigaretur.
1215 640 1366 681 Verum
1385 640 1488 681 haec
1509 639 1668 690 quidem
1695 640 1907 682 hactenus.
1950 639 2142 691 Sequitur
2160 645 2206 682 ut
2224 653 2326 692 quae
2355 654 2440 684 cor·

209 699 396 761 ruptelae
424 720 451 749 a
479 706 582 748 viris
612 705 745 748 doctis
775 705 948 757 agnitae
975 706 1076 747 illae
1097 706 1259 756 quidem
1287 718 1363 746 nec
1392 709 1530 746 tamen
1558 706 1746 748 sublatae
1774 715 1882 756 sunt,
1914 706 1976 747 eis
2002 706 2198 747 tollendis
2227 708 2446 749 emendan-

212 775 354 825 disque
382 771 565 814 studium
592 775 775 813 nostrum
804 782 1048 823 operamque
1074 782 1283 813 navemus.
1354 770 1483 823 Quam
1512 770 1830 822 disputationem
1873 770 1935 813 ita
1962 770 2247 823 absolvemus,
2278 776 2323 814 ut
2350 777 2441 815 tan-

211 851 330 892 quam
358 838 468 881 viam
498 837 560 879 sic
588 837 785 879 librorum
814 837 1127 889 eclogarumque
1154 848 1371 887 sequamur
1409 836 1591 877 ordinem
1633 848 1682 877 ac
1723 836 1896 887 primum
1936 837 2117 887 quidque
2155 838 2437 880 discutiamus.

209 907 345 956 Atque
373 907 421 945 ut
448 903 530 945 iam
563 903 686 945 initia
715 902 970 954 quaestionis
998 903 1234 945 incohemus
1248 935 1258 954 ,
1288 915 1314 944 a
1340 902 1367 943 1.
1396 902 1417 943 1
1446 903 1523 944 ecl.
1556 906 1593 943 l.
1623 903 1808 944 ordiatur
1834 902 2062 954 disputatio
2077 936 2087 954 ,
2118 916 2223 953 quae
2252 909 2447 947 versatur

209 972 252 1013 in
281 970 471 1012 laudibus
499 969 726 1011 Domitiani
753 969 1024 1021 imperatoris.
1081 969 1182 1010 Inde
1210 980 1237 1010 a
1263 980 1301 1010 v.
1331 972 1384 1010 25
1413 967 1569 1020 legitur
1597 969 1815 1010 secundum
1844 968 1958 1010 codd.
1987 969 2223 1010 memoriam
2252 969 2338 1011 sic:

553 1071 616 1108 25.
674 1067 876 1108 ’Discitur
904 1079 927 1108 e
955 1067 1087 1119 vultu,
1120 1070 1315 1118 quantum
1343 1070 1390 1108 tu
1417 1065 1556 1107 mitior
1584 1065 1721 1118 armis,

668 1134 746 1185 Qui
774 1146 851 1174 1100
879 1134 922 1174 111
952 1137 1143 1175 externos
1170 1133 1310 1174 facilis
1339 1132 1503 1174 saevire
1532 1132 1690 1173 furores

663 1200 751 1242 Das
780 1199 916 1242 Cattis
942 1199 1152 1251 Dacisque
1179 1199 1311 1241 fidem.
1341 1203 1384 1241 te
1412 1198 1532 1250 signa
1559 1198 1717 1240 ferente

666 1265 723 1305 Et
749 1265 880 1306 minor
907 1265 950 1305 in
975 1266 1092 1317 leges
1120 1265 1202 1305 iret
1229 1275 1358 1316 gener
1385 1266 1429 1304 et
1456 1264 1558 1305 Cato
1588 1264 1791 1305 castris*.’

404 1364 649 1413 corruptela
679 1363 869 1413 ’castrisss
914 1374 1018 1413 quae
1057 1363 1101 1403 in
1129 1374 1168 1403 v.
1200 1366 1251 1401 28
1280 1362 1487 1412 reperitur
1503 1394 1513 1412 ,
1557 1373 1655 1402 crux
1698 1373 1801 1411 quae
1842 1362 1991 1403 dicitur
2031 1362 2111 1403 fuit
2152 1362 2441 1414 interpretum.

207 1429 294 1470 Alii
323 1429 410 1470 alia
442 1428 707 1469 coniecerunt
734 1428 865 1469 veluti
893 1428 1171 1469 Baehrensius
1201 1428 1353 1478 ’pacis',
1384 1428 1653 1468 Marklandus
1684 1427 1852 1478 ’iustas',
1883 1429 2050 1468 'castus’
2071 1429 2315 1480 Bursianus,
2337 1430 2435 1471 Otto

204 1494 427 1536 Muellerus
458 1493 632 1546 ’Cattis’,
677 1493 796 1544 quasi
825 1505 924 1536 vero
951 1494 1028 1535 hoc
1058 1493 1197 1535 dicere
1238 1494 1418 1535 voluerit
1460 1496 1584 1544 poeta
1612 1492 1848 1543 Pompeium
1878 1493 2011 1534 Cattis
2054 1493 2250 1535 minorem
2289 1494 2430 1537 fuisse.

205 1561 471 1611 Corruptelae
500 1561 713 1612 medelam,
742 1559 824 1601 nisi
853 1572 998 1601 sensus
1026 1560 1229 1601 rationem
1259 1572 1335 1601 acu
1363 1559 1573 1612 tetigeris,
1602 1559 1712 1600 haud
1740 1559 1944 1601 attuleris.
2002 1559 2300 1611 Comparantur
2326 1560 2441 1603 inter

206 1639 300 1668 sese
318 1627 457 1667 Julius
479 1627 633 1681 Caesar
662 1630 704 1666 et
734 1626 1007 1667 Domitianus.
1065 1626 1267 1678 Quantum
1295 1630 1353 1677 tu,
1381 1625 1629 1676 Domitiane,
1659 1625 1795 1665 mitior
1825 1626 2003 1666 Caesare
2032 1626 2116 1677 sis,
2147 1638 2170 1667 e
2200 1627 2341 1667 vultus
2370 1639 2434 1668 00-

204 1692 417 1743 gnoscitur
446 1691 677 1742 clementia,
715 1703 834 1741 qnam
862 1692 929 1732 vel
958 1692 1001 1731 in
1030 1692 1168 1732 hostes
1197 1696 1385 1732 externos
1414 1692 1557 1732 Cattos
1587 1695 1630 1731 et
1649 1690 1785 1731 Dacos
1813 1690 2077 1740 praestitisti.
2135 1691 2179 1731 Si
2205 1695 2262 1742 tu,
2295 1692 2363 1741 qui
2393 1698 2437 1733 et

203 1757 304 1798 belli
334 1759 494 1798 externi
525 1760 567 1797 et
595 1757 733 1798 civilis
776 1756 967 1797 incendia
994 1757 1261 1807 restinxeris,
1301 1756 1493 1797 Caesaris
1522 1757 1611 1796 loco
1641 1755 1762 1806 signa
1789 1756 1974 1806 tulisses,
2003 1756 2184 1797 libenter
2213 1757 2435 1808 Pompeius

203 1822 277 1863 ille
305 1822 483 1873 Magnus
512 1826 556 1863 te
584 1822 716 1862 minor
744 1825 787 1862 et
807 1822 909 1863 Cato
938 1821 1150 1872 imperium
1178 1827 1292 1862 tuum
1321 1822 1557 1863 subiissent.
1612 1821 1669 1862 Ut
1698 1821 1835 1862 brevis
1865 1821 1940 1862 sim
1959 1834 2033 1871 pro
2054 1822 2231 1863 'castris'
2254 1822 2442 1864 'dextris'

203 1888 418 1938 legendum
451 1888 540 1928 scil.
572 1887 835 1937 supplicibus.
891 1887 1070 1928 Etiamsi
1100 1899 1238 1928 omnes
1268 1887 1542 1938 suspicionum
1569 1886 1752 1926 latebras
1779 1886 2001 1927 divinando
2021 1888 2327 1940 peragraveris,
2354 1900 2438 1929 non

203 1953 425 2004 inveneris,
456 1954 560 2003 quod
588 1953 754 2003 propius
784 1954 957 1993 accedat
985 1957 1029 1993 et
1056 1953 1110 1993 ad
1138 1965 1303 1994 sensum
1332 1957 1375 1993 et
1403 1953 1457 1993 ad
1486 1953 1602 1992 codd.
1632 1952 1824 2002 vestigia.

400 2019 458 2059 Te
488 2018 608 2069 signa
635 2017 983 2069 ferente,·inquit
1009 2022 1159 2069 poeta,
1203 2017 1381 2059 libenter
1422 2017 1642 2068 Pompeius
1683 2020 1727 2057 et
1754 2016 1856 2058 Cato
1885 2017 1987 2059 victi
2029 2030 2172 2059 manus
2215 2018 2440 2061 dedissent.

202 2085 400 2125 Dextram
442 2084 652 2136 porrigere
692 2083 901 2134 proprium
939 2083 1069 2124 fuisse
1099 2095 1261 2135 eurum,
1306 2083 1374 2134 (1111
1404 2084 1613 2135 supplices
1643 2083 1899 2124 clementiam
1929 2083 2128 2125 victorum
2157 2085 2437 2136 implorarent,

202 2151 350 2201 ingens
378 2155 724 2191 monumentorum
754 2150 875 2190 docet
903 2149 1133 2190 multitudo.
1192 2150 1376 2191 Provoco
1406 2151 1458 2190 ad
1487 2155 1768 2200 monumenta,
1799 2162 1905 2199 (11180
1935 2155 2174 2200 supersunt,
2205 2152 2259 2191 ad
2288 2152 2440 2191 colum·

203 2226 295 2257 nam
322 2214 544 2267 Antonini,
575 2215 628 2256 ad
657 2214 853 2268 Traiani,
882 2214 953 2256 ubi
981 2214 1216 2266 Decebalus
1245 2215 1300 2257 ad
1327 2227 1463 2268 genua
1492 2215 1664 2257 Traiani
1691 2215 1953 2267 imperatoris
1981 2216 2222 2268 provolutus
2252 2216 2437 2259 dextram

202 2282 399 2333 porrigit,
441 2281 606 2331 aliaque
635 2281 817 2322 eiusdem
849 2281 1061 2322 columnae
1089 2285 1212 2332 parte
1239 2282 1443 2323 Dacorum
1473 2281 1680 2333 principes
1708 2281 1864 2323 dextris
1893 2281 2098 2334 protentis
2127 2294 2174 2324 se
2203 2282 2441 2335 significant

203 2347 340 2388 subire
369 2347 595 2397 imperium.
653 2347 712 2388 Cf.
744 2347 956 2387 Froehner
983 2347 1059 2387 col.
1083 2347 1253 2388 Traiani
1272 2349 1327 2398 pl.
1351 2352 1415 2399 51,
1438 2352 1516 2389 100
1548 2352 1628 2388 etc.
1684 2349 1868 2389 Provoco
1897 2348 1950 2388 ad
1978 2360 2117 2388 arcum
2146 2349 2434 2399 triumphalem

202 2413 257 2454 M.
287 2412 458 2464 Aurelii,
490 2413 559 2463 qui
588 2412 631 2453 in
660 2412 730 2454 via
751 2411 958 2453 Flaminia
987 2415 1079 2453 erat
1108 2416 1356 2464 exstructus,
1386 2412 1456 2455 ubi
1485 2412 1707 2463 imperator
1726 2424 1830 2462 equo
1849 2413 2026 2454 haerens
2046 2413 2223 2454 Parthos
2251 2414 2294 2454 in
2314 2413 2436 2454 fidem

202 2474 363 2530 recipit,
395 2478 563 2519 dextras
592 2478 897 2528 protendentes.
967 2478 1181 2518 Sententia
1208 2478 1340 2530 igitur
1368 2479 1472 2520 haec
1502 2482 1589 2519 est:
1648 2478 1692 2518 Si
1718 2482 1786 2529 tu,
1817 2478 2075 2531 Domitiane,
2104 2478 2223 2531 signa
2251 2479 2434 2530 tulisses,

201 2543 420 2595 Pompeius
459 2545 638 2595 Magnus
681 2548 724 2585 te
752 2544 884 2584 minor
911 2544 1094 2593 Catoque
1123 2544 1281 2585 dextris
1308 2544 1523 2595 imperinm
1551 2548 1664 2589 tuum
1694 2544 1932 2585 subiissent.
2004 2545 2118 2596 Quae
2155 2545 2269 2585 nobis
2297 2557 2429 2585 emen-

203 2608 315 2654 datio
342 2609 509 2651 videtur
535 2621 616 2651 non
643 2609 761 2651 modo
791 2609 1057 2651 difficultates
1087 2610 1235 2651 tollere
1264 2622 1403 2652 omnes
1430 2621 1571 2652 verum
1602 2609 1727 2651 etiam
1756 2610 1909 2651 lumine
1938 2609 2150 2651 illustrare
2171 2609 2429 2662 sententiam,

202 2686 292 2716 cum
320 2676 492 2716 omnium
522 2676 643 2726 idque
671 2675 942 2716 Romanorum
972 2674 1120 2715 animis
1149 2675 1293 2716 statim
1314 2676 1636 2717 obversarentur
1662 2674 1832 2717 tabulae
1858 2675 1998 2727 pictae
2027 2680 2070 2716 et
2088 2678 2431 2717 monumentorum

200 2742 399 2792 exempla.
459 2742 591 2792 Quam
610 2743 660 2782 ob
682 2754 766 2781 rem
787 2741 956 2782 aliorum
977 2742 1249 2791 exemplorum
1266 2741 1541 2782 multitudine
1569 2741 1830 2791 supersederi
1858 2753 1980 2791 posse
2007 2741 2105 2780 mihi
2125 2741 2312 2791 videtur;
2340 2741 2432 2783 dies

202 2805 309 2846 enim
336 2817 400 2847 1110
430 2805 608 2858 deficiat,
638 2805 687 2857 si,
719 2817 823 2857 quae
852 2805 934 2848 dici
963 2806 1005 2847 in
1035 2817 1125 2847 eam
1155 2805 1403 2848 sententiam
1431 2806 1605 2859 possint,
1635 2817 1757 2848 coner
1784 2816 2031 2858 expromere.

397 2873 419 2913 I
448 2876 472 2912 3
502 2873 752 2914 describitur
778 2872 941 2913 Manilii
969 2872 1163 2923 Vopisci,
1191 2872 1273 2914 viri
1301 2873 1453 2913 eruditi
1467 2905 1477 2924 ,
1507 2883 1625 2922 quem
1664 2871 1984 2912 circumfluxisse
2011 2870 2195 2911 omnibns
2223 2871 2356 2922 copiis
2383 2875 2431 2914 et

201 2931 245 2975 in
272 2935 448 2979 omnium
474 2950 611 2981 rerum
638 2937 894 2981 abundantia
912 2936 1070 2981 vixisse
1098 2949 1150 2980 ex
1177 2937 1254 2980 hoc
1282 2937 1462 2981 carmine
1490 2938 1640 2990 elucet,
1668 2937 1772 2980 villa
1790 2935 2006 2979 Tiburtina
2032 2935 2234 2978 tabulatis
2262 2937 2434 2981 sublata

202 3002 246 3039 et
273 3011 485 3053 suspensa.
542 3005 661 3058 Quae
687 3004 794 3047 villa
821 3015 913 3046 eum
940 3003 984 3045 in
1011 3003 1173 3046 modum
1202 3007 1296 3046 erat
1322 3004 1557 3056 aedificata,
1586 3007 1633 3045 ut
1650 3003 1809 3045 Aniene
1837 3001 2001 3044 flumine
2028 3001 2184 3044 inserto
2212 3006 2432 3060 ntra-que

200 3063 379 3108 fluminis
408 3068 540 3121 ripam
569 3074 791 3123 occuparet
819 3069 1028 3122 villaeque
1056 3062 1347 3122 quodammodo
1375 3074 1517 3112 essent
1544 3070 1661 3111 duae.
1718 3069 1768 3110 V.
1788 3072 1841 3110 24
1868 3067 1981 3110 codd.
2000 3067 2197 3111 exhi’bcnt
2223 3068 2355 3113 liaeo:
2416 3122 2419 3126 ,

2160 3145 2186 3180 '
2205 3160 2208 3163 .
