2585 3531
1167 272 1443 315 -ssu—

278 444 281 446 ‚
362 389 647 446 Acelum
674 401 751 436 nos
778 390 864 435 iam
890 390 946 435 ad
972 389 1078 439 libri
1089 389 1164 436 111
1190 390 1270 434 ecl.
1294 394 1328 434 ι.
1347 391 1660 436 emendandam·
1716 359 2427 447 codicemvntpraecetsrlsqui

161 458 390 513 nupqumt
415 464 602 498 summae
629 468 726 498 esse
753 455 1018 498 auctoritatis
1044 454 1271 508 multisque
1296 454 1407 497 locis
1420 455 1617 510 vestigia
1623 455 1788 509 quidem
1814 455 2205 510 indicarepquibus
2222 457 2428 510 insinues

165 529 312 563 verum
338 520 481 573 possis
508 521 740 577 indagare,
769 524 819 562 ut
846 520 1125 570 exemplorum
1153 520 1460 570 comprobatur
1470 520 1741 562 multitudine
1766 520 1832 561 ita
1857 519 2133 571 interpretum
2159 521 2427 573 plurimorum

163 583 431 630 confirmatur
458 598 676 629 consensu.
733 591 987 640 Quamquam
1014 584 1301 638 Baehrensins
1329 585 1434 627 adeo
1474 597 1557 628 non
1592 585 1798 628 rationem
1839 585 1988 628 habuit
2013 586 2223 628 variarum
2263 586 2426 629 codicis

110 664 121 674 ·
162 649 425 704 praestantis
451 649 691 703 lectionum,
718 652 767 691 ut
793 661 847 691 ne
864 647 1145 691 adnotandum
1164 648 1330 702 quidem
1349 648 1623 705 existimaret,
1652 662 1745 693 cum
1774 648 2060 704 discrepantia
2088 649 2209 693 mira
2219 649 2426 695 subesset·

163 717 299 769 Quam
326 718 380 759 ob
408 727 497 759 rem
524 716 635 758 haud
663 726 759 757 raro
785 714 1013 757 novissima
1040 705 1289 757 Eaehrensii
1329 715 1513 757 editione
1552 719 1696 767 spreta
1735 715 1790 757 ad
1817 715 2014 758 Passovii
2040 715 2158 757 illam
2185 716 2276 758 cod.
2308 716 2424 758 Vrat.

159 780 432 826 collationem
460 780 784 834 diligentissime
812 783 1096 831 comparatam
1125 780 1444 834 confugiendum
1471 781 1706 825 videbatur.
1763 782 1866 824 Inde
1894 793 1921 823 a
1948 794 1986 825 v.
2018 785 2070 824 52
2098 782 2255 834 legitur
2282 782 2368 825 sic:

630 879 822 930 ’Tempus
852 880 957 929 erat,
986 877 1098 920 caeli
1125 888 1218 919 cum
1246 878 1578 921 torrentissimus
1609 879 1699 922 axis

529 947 593 985 53.
633 942 870 985 Incumbit*
899 942 1027 985 terris
1055 943 1248 994 citusque
1275 944 1516 995 Hyperione
1544 944 1671 986 multo

626 1009 739 1050 Acer
766 1007 1014 1049 anhelantes
1041 1008 1229 1049 incendit
1257 1008 1392 1050 Sirius
1419 1010 1572 1060 agros'.

363 1095 497 1138 Versu
515 1098 566 1135 53
586 1107 639 1137 ne
653 1096 781 1138 verbo
794 1094 957 1146 quidem
971 1099 1111 1137 monet
1124 1094 1405 1136 Baehrensius
1421 1095 1510 1136 cod.
1521 1095 1640 1137 Vrat.
1653 1107 1728 1147 pro
1743 1095 1964 1138 ’incumbit’
1982 1095 2176 1137 exhibere
2190 1096 2424 1148 ’gracubit'.

161 1160 294 1212 Atqui
319 1172 409 1201 cum
429 1160 584 1201 ceteris
603 1160 700 1211 plus
718 1160 913 1211 ponderis
931 1161 1089 1202 habeat
1105 1159 1250 1218 multis
1269 1159 1375 1200 locis
1395 1159 1485 1200 cod,
1506 1160 1638 1212 Vrat.,
1658 1160 1776 1202 cuius
1806 1160 2035 1202 auctoritas
2064 1160 2102 1202 si
2120 1172 2203 1202 non
2222 1160 2424 1202 lectiones

158 1226 368 1279 genuinas
398 1227 444 1267 at
472 1228 591 1267 certe
619 1224 784 1275 quidem
826 1225 1102 1281 genuinamm
1143 1223 1367 1267 lectionum
1395 1224 1582 1276 vestigia
1611 1236 1912 1276 nonnunquam
1955 1225 2190 1267 servaverit
2203 1258 2213 1276 ‚
2253 1237 2306 1267 ne
2344 1225 2423 1267 hoc

159 1291 327 1344 quidem
354 1289 447 1334 loco
474 1290 742 1343 neglegenda
769 1301 865 1332 esse
893 1290 996 1332 mihi
1024 1290 1205 1334 videtur.
1276 1290 1396 1342 Quod
1424 1289 1533 1332 idem
1561 1289 1606 1332 in
1650 1290 1759 1333 hunc
1802 1302 1962 1343 quoque
2003 1291 2137 1333 locum
2179 1291 2329 1334 cadere
2357 1302 2424 1333 su·

162 1357 313 1409 spicer.
370 1355 469 1396 Siue
496 1355 622 1396 dubio
652 1355 695 1395 in
726 1355 947 1408 'gracubit’
978 1355 1234 1408 ’procumbit’
1263 1358 1375 1395 tecte
1413 1355 1522 1395 latet
1550 1355 1747 1408 verbum,
1778 1353 1888 1406 (luod
1917 1355 2152 1397 Statianum
2181 1359 2295 1408 puto.
2353 1355 2424 1397 Sic

161 1422 271 1464 enim
299 1424 345 1464 et
372 1421 460 1463 cod.
488 1420 608 1462 Vrat.
637 1421 900 1471 corruptelae
929 1421 1046 1472 origo
1074 1420 1263 1471 aperitur
1291 1423 1336 1461 et
1365 1419 1479 1461 codd.
1501 1419 1843 1471 interpolatorum
1871 1421 1993 1472 ratio,
2023 1421 2067 1461 in
2097 1421 2246 1471 quibus
2275 1433 2423 1462 sensus

156 1498 244 1531 non
271 1486 425 1530 literae
452 1485 757 1538 respiciantur,
787 1485 1034 1528 ostenditur.

361 1551 530 1593 Summa
547 1550 728 1591 caritate
747 1549 926 1590 Statium
947 1554 1114 1601 poetam
1138 1553 1182 1591 et
1202 1549 1418 1590 Claudiam
1438 1561 1605 1590 uxorem
1626 1549 1792 1591 iunctos
1811 1549 1946 1592 fnisse
1966 1551 2149 1592 ostendit
2165 1551 2194 1592 l.
2206 1551 2284 1592 ΙΙΙ.
2298 1551 2372 1593 ecl.
2385 1554 2410 1592 5

160 1619 255 1669 Qua
282 1618 432 1668 ecloga
460 1617 701 1657 exhortatur
729 1616 894 1657 Statius
923 1628 1091 1657 uxorem
1107 1648 1118 1666 ‚
1147 1620 1196 1656 ut
1223 1627 1363 1656 secum
1390 1616 1608 1665 Neapolim
1637 1616 1822 1656 secedat.
1894 1616 1997 1656 Inde
2026 1628 2053 1656 a
2071 1628 2112 1658 v.
2135 1620 2186 1656 62
2205 1617 2423 1666 praedicat

159 1684 290 1735 poeta
314 1679 553 1734 privignam
572 1680 624 1724 ob
644 1678 829 1732 corporis
856 1675 1066 1731 animique
1082 1680 1194 1723 bona
1221 1691 1419 1731 spemque
1447 1677 1613 1722 imbibit
1639 1684 1796 1723 certam
1824 1679 1915 1723 fore
1940 1683 1987 1723 ut
2013 1680 2122 1723 hand
2140 1693 2289 1733 magno
2316 1685 2422 1724 tem-

158 1746 275 1801 poris
310 1744 448 1799 spatio
474 1744 644 1798 nuptias
674 1743 874 1787 conciliet
902 1744 1213 1797 contrahatque.
1269 1743 1432 1786 Deinde
1460 1743 1621 1798 pergit:

629 1844 724 1885 ’Sed
750 1845 931 1896 venient,
960 1844 1098 1895 plenis
1125 1844 1297 1886 venient
1323 1843 1529 1884 connubia
1556 1843 1704 1884 taedis.

628 1908 698 1949 Sic
726 1903 842 1950 'certe
869 1909 1107 1959 formaeque
1134 1908 1256 1949 bonis
1285 1908 1493 1958 animique
1521 1911 1725 1960 meretur3

518 1975 584 2015 64.
627 1972 725 2016 Sive
753 1973 904 2026 chelyn
932 1974 1148 2025 complexa
1175 1973 1310 2025 petit·
1339 1985 1414 2016 seu
1441 1985 1544 2015 voce
1572 1977 1749 2025 paterna

486 2034 488 2037 ’
627 2038 880 2082 Discendum
907 2039 1037 2081 musis
1066 2041 1200 2082 sonat’
1227 2070 1237 2081 .
1269 2071 1278 2080 .
1309 2071 1317 2080 .

366 2137 508 2180 ’Petit’
537 2136 817 2189 corruptelam
846 2137 892 2179 in
921 2149 958 2179 v.
990 2141 1043 2178 64
1072 2137 1153 2179 sibi
1182 2136 1300 2180 visus
1330 2139 1397 2178 est
1425 2147 1682 2179 summovere
1710 2135 1983 2178 Marklandus
2012 2135 2139 2178 'ferit'
2169 2137 2420 2180 coniectura.

155 2206 221 2249 At
249 2204 404 2247 collato
433 2203 528 2246 silv.
549 2206 631 2256 2,2,
658 2205 738 2245 114
759 2203 848 2246 ’seu
876 2207 1063 2245 nostram
1092 2202 1230 2254 quatit
1257 2201 1332 2244 ille
1360 2202 1522 2254 chelyn’
1553 2201 1679 2244 etiam
1706 2202 1785 2244 hoc
1812 2202 1904 2244 loco
1934 2201 2094 2256 'chelyn
2124 2203 2298 2257 quatit'
2328 2203 2420 2246 Sta·

156 2271 266 2311 tium
294 2269 514 2320 scripsisse
541 2268 758 2320 probabile
787 2272 867 2319 est,
896 2270 1144 2319 praesertim
1174 2269 1212 2308 si
1242 2268 1458 2307 literarum
1487 2267 1800 2308 similitudinem
1828 2271 2006 2317 spectes.

362 2334 560 2385 Sequitur
587 2338 634 2375 ut
662 2334 715 2376 de
743 2334 850 2375 libro
880 2335 940 2375 IV
969 2335 1170 2377 silvarum
1209 2334 1427 2375 dicendum
1467 2345 1562 2375 esse
1592 2333 1795 2375 videatur.
1865 2334 1929 2374 Ac
1969 2333 2143 2383 primum
2173 2334 2338 2383 quidem
2367 2335 2421 2376 de

157 2401 312 2453 ecloga
330 2399 362 2442 1.
379 2398 607 2451 videamus,
638 2410 744 2450 quae
774 2401 841 2440 est
869 2398 971 2440 data
1000 2399 1054 2441 ad
1069 2398 1366 2440 Domitianum.
1423 2397 1532 2440 Erat
1561 2397 1657 2440 istis
1686 2396 1940 2449 temporibus
1970 2410 2137 2440 caecum
2167 2398 2336 2450 aliquod
2365 2400 2420 2442 ad

159 2466 407 2509 servitutem
434 2465 653 2505 humanum
683 2475 813 2516 genus
832 2496 842 2515 ,
887 2476 977 2505 cum
1021 2464 1178 2505 lumina
1221 2464 1480 2515 reipublicae
1524 2463 1759 2504 clarissima
1798 2463 1882 2504 iam
1921 2466 2064 2505 essent
2093 2464 2312 2505 exstincta.
2370 2457 2421 2506 In

158 2533 323 2574 melum
353 2530 520 2571 tollitur
537 2530 811 2579 Domitianus,
844 2531 952 2579 quod
980 2530 1147 2580 insigne
1169 2530 1306 2569 odium
1337 2529 1514 2570 omnium
1532 2529 1737 2569 hominum
1762 2532 1960 2578 tanquam
1990 2529 2200 2578 specimen
2229 2529 2420 2571 innocen-

157 2596 250 2637 tiae
278 2600 322 2636 et
341 2594 470 2636 animi
488 2593 738 2647 altitudinis,
761 2594 870 2643 quod
898 2594 1092 2634 habuerit
1119 2593 1232 2635 orbis
1262 2598 1478 2645 terrarum,
1508 2593 1668 2635 Statius
1698 2594 1893 2634 celebrat.
1951 2593 2096 2644 Fingit
2122 2598 2248 2643 poeta
2265 2595 2295 2635 J
2297 2606 2419 2636 anum

158 2661 282 2702 deum
311 2660 446 2711 ipsum
464 2658 704 2700 Domitiano
733 2658 1032 2709 gratulantem,
1062 2659 1170 2707 quod
1199 2658 1332 2699 denuo
1360 2658 1493 2709 ipsius
1512 2659 1542 2700 J
1544 2658 1614 2699 ani
1642 2670 1784 2699 mense
1813 2658 2074 2699 consulatum
2102 2657 2247 2700 inierit
2274 2671 2417 2710 preca-

155 2729 309 2776 turque
336 2728 384 2766 ut
412 2723 554 2766 eodem
581 2724 737 2765 honore
765 2723 809 2764 in
837 2726 1080 2774 perpetuum
1107 2722 1314 2764 Romanos
1343 2724 1550 2776 dignetur.
1607 2723 1768 2765 Deinde
1796 2736 1834 2765 v.
1866 2727 1919 2763 23
1947 2722 2087 2776 pergit
2115 2723 2203 2766 sic:

626 2821 805 2874 'Aspicis
834 2825 883 2863 ut
912 2821 1079 2873 templis
1108 2821 1220 2863 alius
1247 2821 1374 2874 nitor,
1403 2822 1530 2864 altior
1560 2822 1647 2864 aris

625 2886 758 2941 Ignis,
787 2890 832 2928 et
859 2886 952 2939 ipsa
979 2898 1096 2928 meae
1124 2889 1297 2938 tepeant
1323 2886 1403 2928 tibi
1431 2886 1573 2928 sidera
1598 2887 1782 2928 brumae.

528 2956 595 2995 25.
623 2953 841 2994 Moribus*
870 2952 1025 3002 atque*
1053 2952 1141 2993 tuis
1169 2952 1356 3002 gandent
1381 2954 1624 3001 turmaeque
1650 2951 1868 3003 tribusque

624 3017 913 3070 Purpureique
940 3021 1106 3070 patres3
1143 3017 1360 3068 lucemque
1387 3027 1415 3058 a
1442 3016 1613 3067 consule
1640 3015 1756 3059 ducit

625 3082 769 3125 Omnis
796 3082 954 3125 honos!
