2585 3531
170 376 330 423 lisiae
356 377 522 421 numine
550 376 750 428 disputat.
819 374 1097 418 Desideratur
1123 375 1262 419 Maiae
1288 373 1518 419 Atlantidis
1533 409 1544 429 ,
1587 376 1751 419 Pliadis
1790 376 2039 431 significatio
2055 410 2066 432 ‚
2109 390 2228 432 quam
2269 383 2420 424 nactus

185 444 282 497 eris,
312 445 349 486 si
377 442 612 498 restitueris
640 454 715 493 pro
743 441 830 491 ’illo
858 441 972 483 Maia
999 441 1124 485 tholo’
1168 441 1255 484 ’illo
1292 442 1408 483 Maia
1445 443 1567 494 polo',
1606 442 1681 484 illo
1719 454 1776 484 sc.
1806 454 1902 485 aere
1939 443 2054 485 Maia
2095 444 2140 486 iu
2168 445 2286 488 caelo
2318 445 2349 488 i.
2378 458 2416 488 e.

182 508 314 552 Plias.
381 505 734 559 Praepositionem
777 506 846 551 ’in’
885 518 1027 559 saepe,
1051 507 1197 549 deesse
1213 540 1223 559 ‚
1266 506 1305 550 si
1349 507 1419 558 qui
1462 508 1505 549 in
1544 512 1758 560 poetarum
1798 508 1919 551 libris
1947 509 2131 552 studiose
2171 515 2215 553 et
2241 511 2416 559 multum

182 575 264 617 erit
289 575 516 624 volutatus,
545 572 803 623 exploratum
830 571 1012 615 habebit.
1068 572 1206 624 Atque
1249 575 1296 614 ut
1338 572 1493 626 omnia,
1536 585 1640 625 quae
1668 576 1768 616 sunt
1793 573 1838 616 in
1866 586 2016 628 causa,
2045 575 2295 630 expleamus,
2323 589 2415 620 cum

185 641 316 683 multa
350 638 556 691 possimus
570 670 580 690 ,
618 649 752 689 pauca
798 638 841 679 in
877 638 1053 680 medium
1091 650 1241 680 vocare
1277 637 1384 680 satis
1422 638 1504 680 erit
1530 640 1727 691 exempla.
1797 638 1858 680 Cf.
1885 643 1922 692 2,
1950 643 1987 692 3,
2012 644 2065 682 74
2093 642 2226 694 ’pater
2256 642 2415 696 elysio!

188 710 222 757 1,
253 710 290 756 2,
320 708 399 744 212
443 704 517 745 'ire
546 704 664 754 polo!
722 707 761 754 2,
794 708 829 755 1,
849 707 903 745 42
948 703 1204 754 'radiataque
1231 704 1386 746 lumina
1414 705 1557 746 caelo‘.
1587 709 1623 756 3,
1645 710 1683 757 3,
1703 710 1756 746 48
1785 705 2002 756 'ten-isque
2024 707 2211 758 poloque·
2241 712 2286 750 et
2314 708 2415 760 alia,

181 767 448 822 nequeenim
476 781 563 811 sum
605 769 777 822 copiam,
819 781 938 821 quam
964 770 1094 822 potui,
1139 774 1372 812 exsecutus.
1427 770 1653 822 Pergamus
1696 771 1749 813 ad
1792 770 1966 823 reliqua.

378 846 415 886 V
445 850 482 898 3,
512 849 562 887 61
594 858 693 897 sqq:

710 947 858 996 ’Atque
886 946 946 987 ibi
973 958 1037 987 me
1064 957 1275 997 moresque
1301 950 1397 988 tuos
1426 950 1470 988 et
1497 946 1612 988 facta
1640 951 1849 989 canentem

712 1011 819 1052 Fors
860 1015 904 1052 et
944 1011 1205 1063 magniloquo
1243 1023 1324 1052 non
1360 1012 1668 1064 posthabuisset
1707 1014 1893 1065 Homero,

717 1077 923 1118 Tenderet
950 1081 994 1119 et
1022 1080 1165 1118 toruo*
1192 1077 1330 1128 pietas
1359 1088 1539 1127 aequare
1565 1078 1756 1119 Maroni‘.

377 1175 543 1215 Laudat
570 1176 647 1216 hoc
676 1175 861 1226 epicedio
890 1179 1014 1226 poeta
1043 1177 1175 1228 patris
1204 1176 1398 1228 defuncti,
1437 1175 1552 1216 cuius
1581 1177 1632 1216 ab
1661 1176 1800 1227 parvis
1828 1175 2009 1217 fontibus
2035 1175 2288 1228 profluxerat
2317 1177 2411 1219 laus

183 1241 237 1281 ad
264 1240 467 1281 hominum
495 1241 656 1291 famam,
686 1244 729 1281 et
757 1253 911 1282 morum
939 1241 1222 1292 iutegritatem
1252 1245 1295 1282 et
1321 1241 1542 1291 ingenium.
1601 1240 1680 1291 Qui
1721 1241 1827 1281 idem
1870 1245 1912 1282 et
1939 1244 2065 1291 poeta
2106 1240 2174 1288 (cf.
2203 1241 2325 1282 ’natis
2366 1245 2411 1282 te

186 1308 468 1347 monstravere
497 1306 718 1356 parentes’)
762 1317 952 1357 magnam
996 1306 1077 1347 sibi
1106 1305 1277 1357 collegit
1303 1306 1463 1347 laudem
1494 1310 1537 1347 et
1563 1305 1651 1347 ludi
1678 1305 1886 1357 magister,
1922 1305 2073 1348 etenim
2100 1306 2242 1348 ludum
2269 1306 2411 1348 litera·

185 1382 271 1411 rum
302 1382 374 1422 spe
403 1371 714 1422 amplificandae
743 1371 933 1412 fortunae
952 1371 1127 1423 Neapoli
1155 1372 1335 1414 habebat
1353 1374 1621 1422 cunctamque
1639 1370 1725 1412 fere
1746 1370 1997 1414 iuventutem
2017 1370 2239 1423 floremque
2257 1370 2408 1415 ltaliae

180 1437 233 1477 iis
264 1438 434 1487 artibus,
471 1438 616 1486 quibus
645 1442 762 1478 aetas
806 1438 979 1488 puerilis
1019 1438 1230 1478 informari
1274 1438 1394 1487 solet,
1434 1438 1651 1477 imbuebat.
1710 1437 1829 1477 ’Vilis
1868 1438 1993 1478 honos
2036 1437 2214 1488 studiis',
2260 1438 2410 1479 lamen-

182 1505 295 1543 tatur
321 1507 454 1553 poeta.
515 1503 654 1553 Neque
684 1503 790 1544 enim
819 1507 891 1544 aut
918 1503 1051 1554 ipsum
1081 1512 1154 1545 aut
1179 1508 1339 1555 patrem
1369 1515 1544 1553 unquam
1574 1504 1784 1553 complexa
1812 1508 1875 1544 est
1900 1503 2074 1553 fortuna,
2112 1503 2181 1553 qui
2210 1504 2265 1544 ad
2292 1504 2409 1545 vitae

183 1571 403 1609 extremum
433 1572 592 1619 tempus
620 1569 662 1609 in
691 1568 805 1610 tenui
834 1568 1071 1610 condicione
1100 1568 1267 1610 vivendi
1295 1571 1569 1610 versarentur.
1613 1568 1778 1609 Patrem
1808 1568 1844 1609 si
1871 1567 1967 1609 mihi
1986 1568 2039 1609 ab
2057 1567 2204 1610 inferis
2225 1568 2410 1611 excitare

186 1634 343 1684 liceret,
372 1635 506 1683 inquit
533 1639 667 1684 poeta,
711 1647 790 1674 non
831 1640 896 1675 est
923 1636 1085 1675 dubium
1128 1636 1223 1684 quin
1267 1639 1310 1675 et
1351 1636 1570 1674 Homerum
1614 1639 1657 1674 et
1686 1634 1909 1684 Vergilium
1950 1635 2131 1674 canendo
2175 1646 2408 1683 aequarem.

185 1698 438 1739 Attributum
471 1700 612 1740 ‘torvo’
641 1699 800 1740 Maroni
833 1712 913 1740 non
956 1699 1186 1751 convenire,
1219 1712 1307 1740 cum
1327 1712 1401 1750 per
1422 1711 1466 1740 se
1481 1704 1637 1750 pateat,
1667 1704 1949 1741 removeantur
1977 1699 2090 1741 codd.
2120 1699 2406 1741 auctoritates.

184 1765 338 1805 Sensus
382 1764 588 1816 efflagitat
629 1765 840 1816 epitheton
884 1766 1061 1817 ’nostro’‚
1104 1765 1210 1816 quod
1252 1764 1497 1806 contrarium
1543 1764 1600 1805 sit
1646 1764 1820 1805 Homero
1850 1764 2017 1816 Graeco,
2061 1767 2108 1806 ut
2134 1768 2278 1806 noster
2307 1764 2407 1807 Ver-

180 1831 309 1882 gilius
352 1835 579 1881 opponatur
606 1832 782 1873 Homero
827 1836 1007 1873 externo.
1066 1833 1190 1873 Tales
1234 1831 1512 1881 oppositiones
1556 1835 1652 1872 sunt
1693 1830 2057 1881 frequentissimae,
2103 1831 2211 1880 quod
2239 1831 2403 1880 quidem

179 1909 293 1936 nemo
322 1896 364 1936 in
391 1900 600 1947 poetarum
631 1896 750 1937 libris
795 1897 1055 1938 mediocriter
1096 1901 1287 1939 versatus
1327 1897 1557 1937 mirabitur.
1615 1896 1882 1937 Marklandus
1920 1896 2093 1937 coniecit
2134 1897 2293 1937 'docto'.
2351 1897 2400 1937 Iu

181 1962 323 2003 eadem
369 1962 514 2013 ecloga
555 1975 592 2003 v.
635 1966 711 2003 166
755 1962 844 2003 sine
887 1962 1010 2004 dubio
1053 1964 1287 2014 corruptela
1327 1963 1585 2013 implicatus,
1627 1964 1754 2004 verba
1798 1962 1887 2003 dico
1930 1964 2009 2003 'vel
2052 1975 2151 2011 quos
2192 1975 2215 2003 e
2246 1964 2404 2004 vertice

187 2027 424 2068 Surrentino
453 2028 587 2068 Mittit
615 2027 815 2079 Tyrrheni
846 2028 1099 2079 speculatrix
1127 2028 1245 2080 virgo
1288 2027 1502 2079 profundi'.
1559 2028 1736 2081 Quaeso,
1758 2026 1853 2079 quid
1871 2027 1972 2068 haec
1993 2027 2118 2068 verba
2137 2026 2404 2079 significant?

183 2095 272 2144 Ego
303 2094 463 2143 quidem
494 2094 737 2134 sententiam
766 2106 846 2134 non
877 2106 1083 2144 assequor.
1142 2096 1207 2134 Ex
1235 2095 1417 2135 omnibus
1438 2095 1624 2144 partibus
1644 2094 1805 2144 Italiae,
1833 2093 1964 2142 iuquit
1983 2097 2115 2143 poeta,
2147 2093 2399 2144 exui-bibus,

183 2159 424 2211 municipiiS‚
455 2159 627 2201 coloniis
657 2160 886 2202 confluebat
914 2160 1107 2203 iuventus
1136 2161 1322 2202 Romana
1356 2166 1561 2211 tamquam
1607 2162 1660 2202 ad
1703 2165 1823 2201 antra
1852 2160 2033 2210 Sibyllae
2075 2160 2136 2200 sic
2180 2160 2233 2200 ad
2260 2160 2401 2201 ludum

178 2225 320 2276 patris.
351 2226 459 2277 Quid
477 2237 574 2267 vero
602 2225 833 2267 faciendum
867 2225 1005 2268 verbis
1034 2227 1299 2279 'speculatrix
1326 2227 1444 2279 virgo
1473 2226 1673 2279 profundi’
1690 2227 1710 2267 P
1752 2225 1890 2276 Neque
1905 2224 2009 2267 enim
2028 2229 2101 2266 aut
2115 2225 2169 2266 ad
2187 2224 2403 2276 Neapolim

185 2296 259 2331 aut
278 2293 330 2331 ad
349 2292 635 2341 Parthenopen
658 2293 847 2343 insulam,
870 2294 919 2332 de
941 2304 1022 2341 qua
1039 2293 1213 2333 Ptolem.
1243 2293 1309 2332 III
1339 2297 1429 2345 1,79
1460 2292 1658 2343 disputat,
1689 2303 1831 2332 sensus
1861 2290 2021 2340 quidem
2048 2289 2194 2330 habita
2221 2290 2401 2342 ratione,

181 2362 374 2408 spectare
402 2362 582 2407 possunt.
640 2358 838 2408 Equidem
870 2359 977 2408 quod
1006 2359 1058 2399 ad
1086 2371 1149 2400 me
1179 2359 1332 2400 attinet
1360 2359 1615 2409 exploratum
1654 2358 1783 2398 habeo
1812 2356 1987 2398 Statium
2036 2355 2259 2406 scripsisse
2297 2357 2400 2407 ’spe-

179 2423 360 2464 culatrix
388 2422 503 2465 villa'
546 2427 589 2464 et
617 2423 837 2476 significari
866 2424 931 2466 his
960 2425 1099 2467 verbis
1127 2424 1254 2465 Pollii
1282 2424 1450 2474 Felicis,
1490 2436 1661 2474 quocum
1690 2423 1822 2464 Statio
1851 2433 1987 2463 omnes
2028 2427 2149 2462 erant
2188 2421 2402 2464 amicitiae

180 2488 519 2541 necessitudines,
549 2488 689 2531 villam
711 2489 1004 2543 Surrentinam,
1026 2503 1143 2541 quam
1164 2490 1333 2532 eandem
1355 2490 1509 2532 eisdem
1538 2490 1624 2532 sere
1652 2489 1786 2532 verbis
1806 2488 1847 2529 in
1868 2487 1961 2529 silv.
2020 2490 2057 2539 2,
2089 2490 2126 2539 2,
2159 2491 2182 2527 3
2203 2487 2403 2541 depingit,

179 2555 250 2595 ubi
294 2555 413 2595 dicit:
488 2556 623 2596 ‘Celsa
664 2556 885 2597 Dicarchei
930 2557 1183 2607 speculatrix
1235 2557 1339 2597 villa
1379 2556 1591 2607 profundi)
1650 2554 1773 2607 Σύκῳ,
1814 2551 1872 2603 μά
1915 2551 1987 2606 τὴν
2029 2551 2237 2606 Δήμητρα,
2285 2557 2406 2592 σῦκον

176 2616 271 2673 ρύδὲ
300 2616 345 2659 ἓν
374 2616 497 2665 οὕτως
526 2616 665 2671 ὅμοιον
694 2619 865 2671 γέγονεν.
925 2623 1036 2663 Nihil
1067 2628 1132 2663 est
1161 2623 1265 2663 enim
1295 2634 1417 2663 unum
1446 2622 1516 2662 uni
1545 2626 1627 2662 tam
1657 2621 1787 2661 simile
1817 2631 1935 2668 quam
1965 2624 2137 2668 uterque
2166 2620 2234 2660 hic
2258 2631 2403 2661 versus

179 2684 288 2726 inter
316 2698 371 2727 se.
428 2686 587 2728 Pollius
614 2686 739 2728 Felix
768 2700 890 2738 eques
919 2688 1252 2730 cumulatissimis
1282 2687 1437 2730 divitiis
1467 2687 1651 2728 Puteolis
1695 2690 1785 2726 erat
1813 2684 2021 2734 oriundus,
2061 2697 2087 2726 a
2116 2685 2402 2736 Neapolitanis

179 2751 284 2792 civis
313 2752 490 2793 allectus
519 2758 642 2803 atque
669 2754 778 2794 haud
807 2754 891 2794 scio
920 2767 973 2794 an
1002 2761 1212 2805 patronus,
1243 2766 1333 2795 cum
1352 2758 1517 2804 praeter
1536 2757 1694 2793 ceteros
1716 2751 1880 2791 floreret
1906 2751 2151 2801 eloquentia.
2209 2752 2270 2792 Of.
2301 2755 2338 2803 2,
2360 2755 2398 2803 2,

180 2819 246 2857 96.
276 2820 340 2858 97.
376 2822 450 2857 134
481 2830 565 2870 sqq.
596 2831 658 2870 ep.
676 2819 728 2860 ΙΙ.
759 2820 834 2861 IlI.
890 2820 1010 2872 Quod
1034 2820 1069 2862 si
1099 2820 1264 2871 quaen’s
1293 2819 1526 2871 corruptela
1554 2818 1658 2859 unde
1686 2816 1913 2869 irrepserit,
1956 2817 2214 2868 corruptelae
2241 2817 2331 2859 fons
2359 2820 2403 2860 et

179 2881 294 2932 origo
322 2883 485 2925 minime
513 2885 629 2927 latet.
687 2886 744 2927 Cf.
774 2886 881 2927 enim
912 2891 949 2938 3,
979 2891 1017 2939 2,
1047 2891 1099 2928 86
1143 2887 1259 2932 ’Νιιιιι
1286 2890 1398 2928 torta
1426 2884 1652 2936 Charybdis
1680 2883 1877 2924 Fluctuet
1904 2887 1980 2925 aut
2007 2883 2135 2926 Siculi
2163 2883 2402 2936 populatrix

177 2945 295 2997 virgo
322 2949 520 2999 profundi’
549 2951 600 2993 de
628 2951 778 3004 Scylla.
834 2952 914 3006 Qui
941 2965 1086 2995 versus
1126 2953 1344 2996 memoriae
1385 2950 1544 2993 librarii
1582 2962 1677 2991 nes
1660 2949 1720 2990 „io
1750 2949 1868 2992 cuius
1910 2950 2016 2992 fixus
2059 2962 2151 2992 cum
2195 2950 2398 3031 haereret,

171 3009 265 3051 fieri
293 3015 425 3063 potuit
452 3020 501 3058 ut
526 3029 607 3059 vox
635 3017 777 3070 ’virgo’
805 3019 900 3060 huic
928 3020 1018 3061 loco
1047 3018 1197 3069 vitiose
1224 3019 1514 3060 inculcaretur.

371 3079 418 3121 In
447 3082 547 3124 1.11
575 3083 652 3125 ecl.
683 3088 707 3124 2
735 3084 996 3127 memorabile
1023 3085 1225 3136 quoddam
1252 3083 1455 3135 reperitur
1481 3081 1680 3132 mendum,
1710 3082 1819 3131 quod
1837 3082 1976 3124 nescio
1996 3093 2075 3132 quo
2093 3085 2216 3134 pacto
2235 3080 2391 3123 factum

2141 3157 2189 3193 ¹*
