2585 3531
1166 242 1428 284 ⁹2-ss—

375 357 425 402 V.
455 360 510 401 25
528 357 756 412 videamus,
771 358 935 412 ecquid
961 358 1038 402 bic
1059 359 1177 402 locus
1194 358 1311 402 dubii
1338 359 1544 402 ostendat.
1600 358 1838 401 Lectionem
1867 359 2060 402 'moribus
2080 363 2223 414 -atqae’
2253 374 2419 404 sensum

173 424 378 477 praebere
417 424 577 480 nullum
613 435 706 467 cum
741 424 837 475 ipsa
863 425 1076 469 sententia
1117 429 1210 468 tum.
1231 425 1414 468 virorum
1436 424 1662 466 doctorum.
1682 435 1766 466 nna
1793 425 1844 467 de
1872 436 1918 467 re
1945 429 2098 468 certum
2124 425 2273 468 reddit>
2289 426 2423 474 mim

177 500 416 531 consensus.
473 488 618 541 Neque
646 488 752 530 enim
780 492 856 531 aut
883 501 975 532 cum
1001 490 1279 543 praecedente
1298 489 1510 541 sententia
1538 489 1651 532 ullus
1679 488 1903 541 intercedit
1931 501 2138 532 connexus
2164 499 2241 533 aut
2258 492 2311 534 de
2329 492 2418 535 vite

176 554 222 595 et
246 554 428 595 moribus
455 554 682 596 Domitiani
708 554 778 595 bic
805 555 958 607 agitur.
1028 557 1122 607 Age
1148 555 1384 606 probabilia
1412 554 1649 597 coniectura
1676 566 1908 605 sequamur.
1980 555 2079 596 Cum
2106 555 2183 596 hoc
2212 556 2302 597 loco
2324 557 2415 598 nisi

174 619 229 663 de
258 620 475 664 consulatu
492 632 573 676 non
592 624 755 673 agatur,
786 619 1015 664 desiderari
1043 624 1372 664 ornamentorum
1392 620 1667 663 consularium
1696 620 1903 664 notionem
1922 632 2094 664 necesse
2122 626 2200 664 est.
2256 622 2347 665 Hoc
2374 623 2418 682 in

173 684 404 728 Domitiani
431 685 599 728 summis
627 685 819 728 laudibus
845 685 930 729 fert
956 690 1095 740 poeta,
1123 687 1233 738 quod
1251 676 1468 729 consulatu
1494 686 1607 729 illius
1633 698 1773 729 omnes
1793 687 2006 730 exsultent
2026 691 2070 730 et
2097 687 2216 739 plebs
2229 692 2279 730 et
2296 700 2416 731 sena-

175 755 256 794 tus.
313 751 380 793 Ex
407 756 455 793 te
479 751 659 804 consule,
680 751 833 804 inquit,
861 752 992 794 maior
1019 752 1143 795 etiam
1173 752 1324 794 ceteris
1343 753 1658 805 magistratibus
1679 753 1903 795 affunditur
1921 753 2128 804 splendor,
2158 765 2236 805 quo
2256 743 2419 805 quidem

175 816 313 858 caruit
339 817 442 868 proh
471 817 608 859 dolor!
652 829 783 859 annus
811 818 1029 869 proximus.
1087 818 1179 871 Qua
1206 818 1438 860 sententiae
1466 819 1701 860 condicione
1737 818 1978 874 adducimur
1991 850 2001 869 ‚
2031 822 2078 860 ιιι
2105 829 2179 869 pro
2208 819 2417 861 'Moribus'
2447 832 2451 835 ·

174 881 444 924 restituamus
473 883 706 924 'Lauribus’
748 883 839 925 scil.
869 883 1054 926 fascibus
1094 884 1310 925 laureatis.
1379 884 1674 934 Imperatorum
1716 884 1854 925 fasces
1898 884 2111 925 laureatos
2154 884 2285 925 fuisse
2327 896 2417 926 cum

172 947 307 988 multa
333 947 482 989 docent
509 949 697 999 exempla
724 952 810 989 tum
839 949 977 989 elucet
1004 961 1058 989 ex
1085 949 1207 989 Mart.
1232 952 1298 999 10,
1332 952 1394 988 10.
1451 949 1638 990 Cassiod.
1658 950 1699 989 ΙΙ
1716 953 1754 990 2.
1774 950 1845 1000 VJ,
1869 953 1904 989 1.
1946 949 2161 989 Claudian.
2181 949 2224 989 in
2243 949 2414 1001 Eutrop.

173 1012 219 1054 H
239 1016 318 1054 520
337 1023 425 1063 sqq.
447 1013 506 1054 Cf.
526 1013 662 1065 Pauly
680 1013 782 1054 Enc.
802 1014 853 1055 R.
873 1013 937 1055 m
957 1017 1051 1055 425.
1108 1013 1294 1055 'Laurus‘
1323 1013 1624 1056 substantivum
1653 1014 1762 1066 apud
1781 1014 1961 1056 Statium
1989 1014 2198 1065 frequens,
2228 1020 2417 1065 quartam

175 1089 281 1128 quae
308 1078 462 1119 dicitur
490 1090 651 1129 semper
677 1079 764 1119 fere
795 1079 984 1129 sequitur
1011 1078 1326 1120 declinationem
1357 1079 1489 1119 veluti
1518 1083 1558 1129 4,
1580 1083 1617 1130 3,
1643 1084 1729 1120 110.
1764 1083 1851 1120 118.
1884 1084 1922 1130 4,
1953 1084 1990 1130 4,
2022 1083 2073 1119 47
2104 1080 2204 1120 alia.
2262 1080 2417 1131 Quibus

171 1142 331 1193 apertis
360 1145 501 1183 cetera
527 1144 730 1193 patebunt
756 1143 892 1183 omnia
920 1154 1106 1194 quaeque
1133 1143 1344 1184 invenitur
1371 1143 1414 1184 ιιι
1443 1143 1581 1184 eodem
1611 1156 1734 1185 versu
1762 1144 1898 1185 altera
1927 1144 2176 1195 corruptela,
2198 1155 2289 1185 eam
2309 1144 2415 1185 ludi·

173 1208 334 1249 bundus
364 1209 566 1250 conficies.
624 1209 708 1250 Pro
739 1210 901 1260 ’atque’,
932 1209 998 1250 cui
1042 1210 1157 1250 locus
1184 1208 1252 1250 hic
1281 1209 1372 1250 dari
1410 1221 1490 1250 non
1518 1214 1679 1261 potest,
1724 1211 1878 1259 ’aeque’
1908 1211 2089 1251 scribere
2119 1211 2232 1261 cogit
2260 1221 2416 1251 sensus.

173 1273 401 1315 Consulatu
429 1278 514 1326 ιιιο,
544 1274 681 1324 inquit
708 1278 843 1326 poeta,
874 1287 1005 1325 aeque
1025 1275 1181 1326 gaudet
1198 1274 1350 1315 misera
1377 1275 1594 1325 plebecula
1623 1280 1748 1325 atque
1776 1279 1960 1317 senatus.
2018 1275 2106 1326 Quo
2136 1280 2229 1317 erat
2256 1276 2416 1327 ingenii

171 1338 362 1381 acumine
389 1339 673 1392 Marklandus,
705 1339 836 1381 sensit
864 1338 937 1382 ille
967 1338 1127 1391 quidem
1156 1351 1259 1381 unus
1288 1343 1380 1392 post
1407 1338 1589 1382 homines
1618 1343 1738 1382 natos
1768 1339 2029 1382 doctissimus
2043 1373 2053 1392 ,
2083 1339 2180 1392 quid
2208 1340 2415 1382 desidera-

172 1409 301 1455 retur,
332 1409 470 1446 tamen
497 1416 577 1446 non
606 1406 799 1447 absolvit.
856 1406 1022 1446 Etenim
1043 1406 1151 1455 quod
1177 1405 1390 1456 proposuit
1414 1405 1608 1446 'fascibus
1628 1409 1736 1446 ecce’
1766 1405 1811 1446 id
1838 1406 1979 1446 sensui
2000 1405 2159 1456 quidem
2177 1406 2413 1456 respondet,

172 1470 288 1511 codd.
317 1470 511 1522 vestigiis
538 1483 618 1511 non
647 1472 881 1522 respondet.

369 1535 518 1577 Altera
545 1535 728 1578 eiusdem
757 1536 852 1578 libri
882 1536 1027 1589 ecloga
1056 1535 1217 1589 gratias
1245 1535 1337 1587 agit
1366 1534 1526 1577 Statius
1558 1535 1793 1577 Domitiano
1810 1568 1820 1587 ,
1859 1535 1929 1586 qui
1958 1548 2004 1577 se
2033 1548 2159 1577 cenae
2187 1536 2340 1577 honore
2367 1535 2410 1578 iu

170 1600 431 1651 imperatoris
459 1601 618 1652 palatio
647 1601 843 1653 dignatus
871 1601 939 1643 sit.
996 1601 1225 1643 Domitiani
1252 1600 1513 1652 imperatoris
1542 1600 1674 1658 epulis
1702 1601 1940 1642 honoratum
1971 1601 2042 1642 vix
2072 1601 2143 1642 sui
2172 1612 2218 1642 se
2248 1612 2406 1653 compo-

170 1670 255 1706 tem
282 1666 414 1706 fuisse
443 1667 547 1706 dicit
576 1668 748 1707 Statius.
805 1669 1008 1708 Saliarem
1035 1669 1078 1707 iu
1105 1668 1266 1707 modum
1294 1668 1528 1718 epulantem
1556 1668 1637 1706 nisi
1665 1668 1708 1706 iu
1727 1667 2050 1707 sacratissimum
2072 1679 2117 1708 os
2146 1668 2409 1718 imperatoris

169 1743 218 1774 se
246 1732 387 1774 oculos
414 1732 566 1774 defixos
593 1745 673 1774 non
702 1732 887 1775 tenuisse
901 1766 911 1783 ‚
941 1733 1012 1784 qui
1038 1732 1200 1784 imperii
1229 1736 1383 1774 statum
1414 1732 1638 1788 sanctitate
1657 1745 1732 1773 sua
1751 1745 1875 1783 saepe
1905 1738 2127 1777 servasset.
2184 1732 2235 1773 V.
2246 1737 2305 1774 -20
2325 1736 2412 1774 stu-

168 1808 270 1848 pore
300 1797 504 1848 abripitur
532 1802 681 1849 poetae
710 1798 870 1840 animus
899 1799 1040 1840 domus
1070 1809 1222 1839 aureae
1251 1801 1294 1839 et
1321 1798 1476 1839 ambitu
1504 1801 1547 1838 et
1576 1797 1802 1839 altitudine.
1864 1797 2014 1838 Versus
2046 1801 2144 1839 sunt
2171 1798 2241 1839 hi:

960 1895 1123 1948 'Stupet
1150 1896 1227 1937 hoc
1255 1895 1396 1938 vicina
1424 1895 1624 1937 Tonantis

629 1962 777 2014 Regia,
807 1966 930 2013 teque
957 1963 1052 2013 pari
1080 1963 1290 2004 laetantur
1317 1963 1415 2003 sede
1443 1963 1619 2003 locatum

630 2028 820 2078 Numina,
848 2040 900 2069 ne
928 2040 1119 2079 magnum
1147 2028 1343 2079 properes
1373 2029 1595 2068 escendere
1624 2028 1795 2078 caelum,

630 2094 766 2135 Tanta
794 2097 912 2145 patet
938 2093 1081 2146 moles,
1111 2094 1347 2144 effusaeque
1375 2093 1581 2144 impetus*
1611 2093 1730 2134 aulae

534 2162 599 2202 24.
630 2159 820 2202 Liberior
849 2159 1022 2212 campi*,
1052 2160 1304 2210 multumque
1333 2159 1544 2210 amplexus
1581 2158 1714 2210 aperti

630 2227 833 2265 Aetheros
863 2230 906 2265 et
933 2229 1095 2265 tantum
1124 2226 1284 2265 domino
1313 2225 1467 2264 minor'.

366 2331 448 2370 Pro
478 2330 682 2379 'impetus’
713 2330 918 2370 ’ambitus’
948 2341 1039 2371 esse
1067 2330 1283 2381 legendum
1312 2328 1464 2369 collato
1495 2329 1621 2369 Theb.
1653 2332 1701 2379 6,
1730 2331 1782 2368 68
1813 2328 2004 2368 ’ambitus
2034 2327 2169 2368 aulae’
2200 2327 2281 2368 iam
2311 2331 2408 2367 ante

165 2397 491 2447 Grasbergerum
508 2427 518 2445 ,
561 2407 677 2444 quem
716 2396 759 2435 id
802 2396 991 2437 conicere
1018 2396 1210 2446 memini,
1241 2395 1623 2436 animadverteram.
1681 2395 1761 2434 Pro
1791 2394 1949 2443 'campi’
1980 2394 2023 2433 in
2053 2405 2089 2433 v.
2120 2397 2174 2433 24
2202 2393 2290 2434 sine
2318 2393 2408 2434 ulla

168 2451 426 2504 dubitatione
454 2461 756 2503 restituendum
787 2462 968 2512 'campo'.
1025 2462 1245 2512 Comparat
1261 2467 1387 2511 poeta
1415 2460 1622 2512 ingentem
1643 2460 1764 2499 aulae
1784 2459 1925 2510 regiae
1945 2458 2142 2499 ambitum
2163 2470 2251 2498 cum
2274 2458 2407 2508 campi

165 2528 305 2578 spatio
336 2527 520 2576 dicitque
550 2526 671 2566 etiam
702 2526 745 2565 in
775 2526 1003 2566 liberiorem
1033 2526 1305 2576 maioremque
1333 2525 1651 2577 magnitudinem
1673 2535 1813 2574 campo
1834 2523 1969 2563 aulam
2000 2527 2231 2572 porrectam
2260 2522 2405 2563 fuisse.

165 2593 256 2644 Quo
285 2585 449 2633 defendi
477 2592 622 2641 possit,
653 2595 774 2632 notus
804 2592 878 2632 ille
907 2592 1173 2633 Graecismus
1203 2593 1385 2632 'liberior
1415 2591 1561 2640 campi’
1591 2590 1747 2629 nullum
1775 2588 1910 2638 possit
1937 2588 2063 2628 alium
2094 2588 2290 2628 exhibere
2313 2598 2404 2628 seu-

125 2657 134 2660 ’
164 2669 254 2699 sum
284 2669 404 2707 quam
434 2657 617 2699 ’liberior
636 2657 742 2706 quod
771 2657 922 2698 attinet
949 2659 1161 2708 campum’.
1218 2657 1284 2698 Ex
1304 2656 1588 2697 immensitate
1618 2654 1743 2704 spatii
1772 2652 2027 2703 potissimum
2058 2653 2195 2692 aulam
2225 2663 2252 2693 a
2280 2656 2406 2703 poeta

165 2722 399 2774 praedicari
427 2726 475 2763 ιιι
503 2726 688 2774 apertum
719 2725 784 2762 est
810 2722 872 2763 ita
900 2723 1152 2774 comparatio
1181 2734 1273 2764 cum
1303 2722 1437 2773 spatio
1468 2720 1602 2771 campi
1630 2720 1878 2768 aethereque
1907 2717 2135 2768 aptissima
2193 2717 2323 2769 Quam
2352 2718 2404 2757 ob

165 2800 251 2831 rem
279 2785 552 2830 Marklandus
591 2800 710 2829 ruere
751 2788 870 2829 uobis
898 2788 1090 2840 videtur,
1126 2788 1197 2839 qui
1225 2791 1273 2829 ut
1300 2786 1474 2839 genitivi
1503 2786 1616 2827 vices
1646 2787 1833 2825 servaret
1861 2783 2012 2834 'spatii'
2042 2782 2233 2823 coniecit.
2293 2782 2402 2834 Quid

164 2865 268 2906 opus
288 2857 356 2897 est
382 2854 534 2906 plura?
590 2854 651 2896 Ne
679 2854 828 2906 longus
856 2853 934 2896 sim
962 2853 1005 2895 in
1033 2865 1080 2896 re
1098 2858 1258 2906 aperta,
1288 2857 1332 2896 et
1350 2851 1600 2903 comparatio
1630 2848 1866 2891 necessaria
1885 2852 1952 2891 est
1971 2852 2014 2890 et
2034 2848 2244 2890 ablativus
2264 2859 2402 2896 casus

362 2919 399 2968 V
430 2922 466 2971 1,
501 2923 575 2959 112
604 2919 801 2960 Priscan
828 2919 882 2960 ad
925 2930 1063 2969 genua
1090 2919 1320 2960 Domitiani
1363 2919 1459 2968 imp.
1487 2917 1705 2968 provoluta.
1732 2915 1894 2966 gratias
1924 2915 2042 2966 agit,
2088 2915 2195 2964 quod
2237 2914 2403 2965 coniugi

162 2982 401 3027 Abascanto
451 2996 551 3026 cura
598 2985 651 3026 ab
698 2984 891 3035 epistulis
908 3016 919 3036 ,
970 2997 1053 3035 qua
1099 2984 1354 3027 numerosior
1391 2986 1483 3025 erat
1527 2981 1644 3023 nulla
1680 2989 1735 3028 (v.
1768 2983 1838 3030 85)
1876 2984 1968 3021 erat
2014 2979 2182 3021 tradita.
2264 2979 2402 3020 Verba

159 3050 263 3090 sunt
287 3047 415 3092 haec:
