2585 3531
1162 204 1334 268 «ιι-[ΕΙ
1381 222 1431 241 .-

512 326 608 368 80⁶.
645 323 737 365 ’me
763 319 1084 368 orimum·
1106 322 1294 382 minuet
1320 325 1506 374 tempora
1532 322 1657 373 vitae,
1722 311 1727 316 ’

647 388 711 434 No
737 392 785 431 tu
812 391 1040 435 tart-rem
1063 387 1191 435 chaos
1218 378 1462 434 incomitata
1488 386 1661 439 subires,

646 454 729 496 Sed
755 453 948 505 prohibet
969 464 1088 499 neus
1115 453 1203 499 aa·
1230 452 1347 495 ducis
1374 452 1670 503 mirandaque·
1696 450 1831 493 sacris

644 518 834 570 Imperiis
865 522 912 562 et
935 517 1067 563 maior
1093 518 1247 562 bonor?

199 637 203 640 ·
385 618 468 660 Pro
498 618 662 661 ’erecte’
681 616 750 658 vel
777 617 946 667 '’erepte
974 616 1082 667 quod
1109 616 1208 658 olim
1236 603 1394 657 conieci
1423 618 1632 668 'coeptae'‚
1661 616 1705 656 id
1724 628 1968 667 quamquam
1997 617 2255 657 substantivo
2276 617 2417 659 'vitae’

140 714 145 718 ·
180 681 411 731 convenire
431 681 616 735 videtur,
644 684 784 728 tanen
810 692 893 724 non
920 680 1030 723 omni
1058 693 1111 723 ex
1136 684 1258 733 parte
1286 680 1455 733 sufficit,
1482 681 1525 723 id
1553 681 1661 732 qnod
1688 681 1819 723 libere
1846 681 2063 733 profiteor;
2105 682 2256 724 etenim
2283 686 2418 734 poste-

183 748 334 791 riores
344 748 634 799 cogitationes,
662 750 711 788 ut
736 746 869 798 aiunt,
897 746 1035 788 solent
1061 745 1334 797 sapientiores
1363 757 1470 787 esse.
1533 746 1637 786 Mihi
1667 745 1830 797 quidem
1857 758 1966 787 nunc
1993 746 2141 787 iterum
2171 747 2246 788 hos
2272 759 2419 789 versus

185 812 311 856 citius
339 811 620 864 perlustranti,
650 811 793 853 statim
822 823 896 862 pro
925 810 1162 862 corruptela
1189 811 1354 852 'erecte’
1382 810 1587 852 succurrit
1615 811 1825 861 'reliquae’
1854 823 1912 852 sc.
1920 811 2048 863 vitae,
2077 822 2184 861 quae
2210 823 2292 854 vox
2318 812 2419 854 mihi

184 877 345 931 legenti
372 877 481 921 ultro
509 877 653 922 oblata
679 876 846 919 videtur
872 876 1103 928 aptissima.
1159 876 1210 918 In
1237 875 1409 935 reliquis
1429 888 1497 917 res
1526 880 1591 918 est
1625 879 1891 919 controversa
1920 881 1964 918 et
1992 877 2117 928 plena
2146 877 2418 927 dissensionis

157 985 160 986 ⁷
183 943 295 986 inter
322 942 593 985 doctissimos.
651 942 919 993 corruptelae
957 941 1183 993 'miranda’,
1214 953 1320 992 quae
1348 941 1391 983 in
1420 954 1457 983 v.
1487 945 1566 985 207
1596 941 1801 993 reperitur
1841 942 1925 984 nisi
1969 943 2159 985 sollemni
2202 943 2419 988 Statianae

184 1009 349 1053 dicendi
376 1008 670 1051 consuetudine
698 1008 886 1049 adhibita
913 1007 1122 1049 subveniri
1148 1019 1230 1048 non
1257 1008 1422 1058 poterit,
1453 1019 1558 1058 quae
1579 1020 1659 1049 vox
1690 1008 1899 1049 sollemnis
1929 1014 1994 1049 est
2013 1009 2259 1052 ’haerenda'.
2300 1011 2361 1052 cf.
2379 1016 2417 1063 3,

187 1078 239 1131 3,
255 1078 322 1127 66,
350 1074 402 1117 de
429 1073 600 1116 Claudio
627 1073 816 1125 Etrusco,
846 1073 917 1124 qui
945 1076 1038 1115 erat
1065 1086 1092 1115 a
1117 1073 1372 1115 rationibus:
1412 1074 1663 1123 'semperque
1690 1074 1844 1125 gradus
1873 1086 2000 1125 prope
2027 1076 2195 1116 numina
2209 1108 2220 1125 ,
2258 1089 2420 1127 semper
2451 1102 2463 1111 ·

186 1140 432 1182 Caesareum
461 1139 639 1181 coluisse
667 1139 777 1180 latus
817 1139 1028 1190 sacrisque
1071 1138 1237 1180 deorum
1274 1138 1485 1180 Arcanis
1524 1139 1727 1181 haerere
1768 1139 1930 1181 datum‘.
2004 1140 2150 1182 Lectio
2179 1141 2322 1184 ’ducis‘
2352 1147 2419 1185 est

185 1206 369 1258 genuina
395 1206 658 1255 firmaturque
687 1210 732 1246 et
759 1204 867 1246 arsis
895 1205 1074 1255 pondere
1103 1209 1147 1246 et
1174 1216 1383 1245 caesurae.
1441 1205 1669 1246 Genetivus
1698 1205 1767 1246 vel
1794 1205 1981 1255 patricus
2011 1218 2155 1258 casus,
2195 1211 2242 1248 ut
2268 1209 2418 1250 Varro-

185 1272 253 1313 nis
281 1272 407 1314 verbo
428 1275 534 1322 utar,
562 1271 746 1322 pendens
767 1282 793 1310 a
815 1281 916 1312 voce
945 1270 1073 1311 'fidus’
1103 1272 1389 1321 comprobatur
1422 1271 1605 1320 exemplo
1635 1282 1686 1310 ex
1712 1271 1839 1322 Verg.
1869 1271 1970 1311 Aen.
1992 1272 2020 1312 l.
2049 1271 2135 1313 XII
2165 1277 2243 1312 659
2272 1274 2417 1324 petito,

187 1337 239 1379 de
269 1349 351 1388 qua
378 1349 424 1378 re
452 1336 681 1388 disputavit
708 1335 947 1387 Madvigius
975 1336 1019 1376 in
1032 1336 1103 1377 Gr.
1116 1335 1209 1376 Lat.
1225 1335 1484 1387 Brunsvigae
1504 1340 1607 1375 1857
1629 1335 1653 1389 ξ
1675 1340 1752 1376 289
1768 1337 1807 1377 b.
1835 1336 1883 1376 In
1892 1333 1936 1377 v.
1955 1341 2030 1378 117
2047 1338 2229 1380 eiusdem
2248 1341 2418 1392 eclogae

185 1402 310 1444 lectio
325 1402 417 1443 ’hic’
435 1401 527 1443 fieri
544 1413 624 1442 non
642 1404 793 1452 potest,
813 1400 912 1452 quin
930 1400 1228 1442 dubitationem
1246 1400 1400 1452 iniciat,
1413 1413 1576 1442 versum
1596 1401 1686 1441 dico
1707 1401 1804 1443 'Nec
1825 1405 1958 1443 tamen
1980 1402 2072 1443 hic*
2091 1407 2252 1445 mutata
2272 1406 2416 1455 quies'.

187 1468 341 1509 Sensus
361 1467 570 1518 efflagitat
584 1467 702 1507 ’hinc’
718 1479 776 1507 sc.
791 1479 842 1507 ex
856 1479 905 1508 eo
919 1469 1114 1517 tempore,
1131 1477 1208 1515 quo
1224 1477 1324 1506 cura
1342 1466 1394 1505 ab
1414 1466 1603 1516 epistulis
1622 1467 1859 1507 Abascanto
1880 1472 1972 1507 erat
1989 1468 2197 1508 mandata.
2254 1469 2337 1510 Sed
2364 1482 2418 1511 ne

186 1532 401 1574 reduviam
430 1543 575 1573 curare
603 1531 828 1582 videamur,
858 1534 1143 1573 convertamus
1171 1542 1246 1571 nos
1266 1530 1319 1571 ad
1336 1530 1374 1570 V
1394 1534 1432 1571 2.
1489 1531 1577 1582 Quo
1606 1531 1783 1571 carmine
1801 1532 1993 1572 laudibus
2012 1534 2275 1583 prosequitur
2292 1539 2417 1584 poeta

185 1596 371 1639 Vettium
401 1595 632 1649 Crispinum
651 1596 784 1639 Vettii
803 1595 951 1638 Bolani
977 1595 1121 1637 filium.
1178 1595 1258 1649 Qui
1287 1607 1378 1637 cum
1408 1607 1496 1637 eam
1525 1595 1661 1637 laudis
1681 1596 1788 1638 viam
1821 1608 1913 1638 esse
1943 1597 2215 1640 rectissimam
2235 1600 2416 1650 duceret,

188 1674 309 1713 quam
337 1662 513 1704 maiores
543 1662 626 1704 sibi
653 1662 797 1704 tritam
824 1661 1107 1714 reliquissent,
1135 1661 1326 1703 tribunus
1356 1661 1533 1714 legionis
1552 1661 1811 1714 indulgentia
1829 1662 2054 1703 Domitiani
2073 1663 2211 1706 factus
2230 1666 2288 1717 (v.
2309 1670 2416 1717 177),

187 1740 278 1770 cum
306 1732 426 1770 aetas
466 1728 598 1779 ipsius
627 1728 699 1770 vix
728 1732 895 1770 octonos
924 1727 989 1769 bis
1030 1727 1134 1770 solis
1163 1727 1388 1769 amfractus
1417 1727 1655 1777 reditusque
1684 1728 1957 1770 convertisset
1972 1761 1982 1779 ‚
2012 1740 2038 1769 a
2065 1734 2191 1781 poeta
2218 1734 2417 1783 monetur,

187 1797 235 1836 ut
261 1793 395 1846 patris
433 1793 620 1845 exempla
635 1826 645 1846 ,
686 1793 828 1845 qualia
854 1805 971 1835 nemo
1000 1793 1057 1834 sit
1085 1793 1182 1844 quin
1211 1798 1427 1845 praestare
1453 1794 1610 1844 possit,
1641 1794 1757 1835 cuius
1790 1806 1857 1836 res
1885 1799 2029 1846 gestae
2072 1799 2197 1845 atque
2238 1797 2418 1840 virtutes

187 1859 341 1900 eisdem
371 1857 518 1909 quibus
547 1858 649 1899 solis
678 1867 822 1899 cursus
852 1858 1090 1910 regionibus
1118 1870 1169 1899 ac
1197 1858 1385 1899 terminis
1416 1858 1713 1911 contineantur,
1744 1863 1952 1910 sequatur.
2008 1860 2087 1912 Qui
2117 1861 2154 1902 si
2174 1861 2419 1905 Caledonios

184 1925 314 1966 intret
341 1935 505 1976 campos
519 1957 529 1976 ,
556 1924 646 1966 fore
674 1928 721 1965 ut
747 1925 974 1976 longaevus
1003 1928 1142 1965 terrae
1170 1924 1308 1965 incola
1336 1925 1387 1965 de
1404 1924 1539 1965 Vettii
1569 1928 1701 1976 patre,
1730 1925 1887 1965 Bolano
1916 1926 2131 1976 praedicet
2157 1928 2285 1969 haec:

648 2023 740 2063 'Hic
769 2026 914 2065 suetus
940 2023 1040 2063 dare
1067 2022 1159 2063 iura
1185 2034 1349 2073 parens,
1378 2023 1455 2063 hoc
1481 2023 1639 2073 cespite
1666 2026 1822 2064 turmas

647 2086 790 2129 Affari.
817 2087 997 2138 vit(a)e*
1025 2087 1217 2139 speculas
1246 2087 1504 2138 castellaque
1532 2087 1655 2139 longe

645 2153 848 2204 Aspicis?
875 2153 948 2194 ille
977 2153 1093 2195 dedit
1120 2153 1331 2203 cinxitque
1357 2153 1461 2194 haec
1488 2153 1648 2194 moenia
1675 2153 1812 2194 fossa'.

388 2252 503 2304 Quae
530 2251 575 2292 in
603 2265 642 2293 v.
678 2256 752 2292 145
783 2252 1021 2303 corruptela
1048 2252 1255 2303 reperitur
1283 2252 1435 2302 'vitae',
1465 2252 1634 2292 eandem
1676 2251 1850 2291 nondum
1893 2252 2141 2293 coniecturis
2183 2254 2421 2295 Marklandi

188 2316 369 2369 ’vigiles‘
399 2319 472 2358 aut
498 2316 663 2359 Heinsii
692 2317 828 2359 'viden
856 2317 959 2368 has’,
990 2329 1094 2367 quae
1122 2316 1194 2359 vix
1221 2316 1340 2358 fidem
1369 2315 1525 2357 facient
1553 2316 1769 2367 videlicet,
1801 2317 2006 2357 sublatam
2035 2329 2129 2359 esse
2157 2318 2201 2359 in
2229 2324 2421 2370 promptu

188 2386 266 2434 est,
296 2394 387 2424 cum
418 2394 444 2423 a
472 2382 589 2424 codd.
618 2382 797 2429 lectione
826 2382 984 2424 tradita
1011 2382 1134 2424 nimis
1161 2383 1368 2424 recedant
1424 2382 1515 2423 Nisi
1543 2382 1678 2423 omnia
1705 2393 1768 2423 me
1796 2381 1948 2423 fallunt
1961 2414 1971 2433 ,
2000 2382 2040 2423 in
2072 2384 2309 2434 corruptela
2335 2384 2421 2426 ista

188 2448 321 2499 ipsum
348 2447 493 2500 Vettii,
523 2448 577 2488 ad
605 2460 723 2498 quem
753 2449 856 2489 haec
885 2449 1028 2500 ecloga
1056 2448 1157 2489 data
1185 2451 1261 2499 est,
1290 2448 1423 2488 latere
1451 2448 1616 2489 videtur
1642 2458 1786 2487 nomen
1815 2447 2178 2498 scribendumque:

650 2558 778 2598 'Vetti
807 2558 996 2608 speculas
1026 2557 1280 2607 castellaque
1308 2558 1433 2608 longe
1461 2555 1627 2607 Aspicis
1641 2556 1674 2595 ?'

386 2665 649 2717 Longaevum
677 2665 801 2706 istum
830 2665 1078 2706 Caledoniae
1107 2665 1284 2707 incolam
1302 2665 1432 2707 Vettii
1451 2664 1596 2706 Bolani
1625 2676 1758 2705 rerum
1787 2669 1997 2716 gestarum
2026 2677 2256 2717 memorem,
2284 2666 2420 2718 ipsum

188 2731 316 2774 filium
343 2731 476 2773 Vettii
515 2731 677 2773 nomine
720 2731 930 2773 nominare
960 2743 1081 2781 quam
1121 2731 1298 2773 maxime
1341 2731 1552 2782 probabile
1581 2735 1655 2772 est.
1727 2731 1914 2771 Ceterum
1955 2731 2064 2772 falso
2093 2732 2137 2772 in
2166 2733 2419 2776 editionibus

187 2796 378 2840 Vectium
404 2797 604 2838 nominari
632 2800 676 2839 et
702 2801 863 2849 patrem
892 2800 936 2839 et
962 2797 1091 2839 filium
1119 2800 1276 2839 certum
1302 2796 1440 2838 reddit
1467 2797 1510 2838 C.
1531 2797 1573 2838 J.
1592 2797 1641 2837 L.
1697 2796 1863 2837 Vettius
1894 2796 1931 2838 si
1960 2800 2048 2839 toto
2077 2802 2246 2853 pectore
2275 2806 2319 2841 et
2338 2811 2418 2841 om-

186 2863 309 2905 nibus
336 2862 502 2915 ungulis
519 2894 529 2914 ,
573 2866 621 2904 ut
648 2862 801 2904 dicitur
816 2894 827 2910 .
870 2863 1081 2904 incumbat
1106 2862 1150 2904 in
1178 2863 1371 2905 Caesaris
1400 2862 1593 2903 mandata
1609 2893 1619 2913 ‚
1659 2862 1701 2901 in
1730 2873 1843 2911 spem
1872 2863 1989 2903 venit
2017 2866 2141 2913 poeta
2169 2863 2260 2905 fore
2289 2870 2337 2905 ut
2364 2866 2420 2906 ad

187 2928 321 2980 patris
347 2928 521 2982 gloriam
550 2931 594 2970 et
619 2928 810 2970 honorem
839 2928 1026 2979 aspirare
1052 2928 1199 2979 possit.
1256 2928 1322 2969 Ad
1349 2928 1527 2969 consulis
1556 2926 1699 2968 laudes
1728 2938 1755 2967 a
1782 2938 1908 2977 puero
1950 2927 2031 2968 iam
2071 2932 2240 2980 specta,
2284 2929 2421 2980 inquit

187 2995 326 3043 poeta.
394 2993 458 3033 De
500 2992 640 3033 eodem
668 2992 810 3033 Vettio
839 2993 1029 3044 Crispino
1058 2996 1285 3044 auguratur
1311 2996 1436 3042 poeta
1463 3004 1503 3033 v.
1536 2996 1611 3031 166
1642 3003 1754 3040 sqq:
